
  
  
  
  
  
  
  
  
  
  
 
  
  <record xsi:schemaLocation="http://www.loc.gov/MARC21/slim http://www.loc.gov/standards/marcxml/schema/MARC21slim.xsd">
      <leader>00000cam a22      a 4500</leader>
      <controlfield tag="FMT">BK</controlfield>
      <controlfield tag="LDR">00000cam a22      a 4500</controlfield>
      <controlfield tag="001">004537747</controlfield>
      <controlfield tag="005">20161221122036.0</controlfield>
      <controlfield tag="008">040624s2003    fr b     b    100 0 fre</controlfield>
      <datafield tag="010" ind1=" " ind2=" ">
         <subfield code="a">  2004422026</subfield>
      </datafield>
      <datafield tag="020" ind1=" " ind2=" ">
         <subfield code="a">2903264791</subfield>
      </datafield>
      <datafield tag="020" ind1=" " ind2=" ">
         <subfield code="a">9782903264796</subfield>
      </datafield>
      <datafield tag="035" ind1=" " ind2=" ">
         <subfield code="a">(OCoLC)58546480</subfield>
         <subfield code="z">(OCoLC)54846552</subfield>
      </datafield>
      <datafield tag="040" ind1=" " ind2=" ">
         <subfield code="a">DLC</subfield>
         <subfield code="b">eng</subfield>
         <subfield code="c">DLC</subfield>
         <subfield code="d">NLGGC</subfield>
         <subfield code="d">OCLCG</subfield>
         <subfield code="d">COO</subfield>
         <subfield code="d">GEBAY</subfield>
         <subfield code="d">UPX</subfield>
         <subfield code="d">OCLCF</subfield>
         <subfield code="d">OCLCO</subfield>
         <subfield code="d">OCLCA</subfield>
         <subfield code="d">OCLCQ</subfield>
         <subfield code="d">OCL</subfield>
         <subfield code="d">ZYU</subfield>
         <subfield code="d">OCLCO</subfield>
      </datafield>
      <datafield tag="041" ind1="0" ind2=" ">
         <subfield code="a">fre</subfield>
         <subfield code="a">eng</subfield>
         <subfield code="b">eng</subfield>
         <subfield code="b">fre</subfield>
      </datafield>
      <datafield tag="042" ind1=" " ind2=" ">
         <subfield code="a">pcc</subfield>
      </datafield>
      <datafield tag="043" ind1=" " ind2=" ">
         <subfield code="a">mm-----</subfield>
         <subfield code="a">aw-----</subfield>
         <subfield code="a">a-cy---</subfield>
      </datafield>
      <datafield tag="050" ind1="0" ind2="0">
         <subfield code="a">DE2.5</subfield>
         <subfield code="b">.M42 2003</subfield>
      </datafield>
      <datafield tag="079" ind1=" " ind2=" ">
         <subfield code="a">(OCoLC)58546480</subfield>
      </datafield>
      <datafield tag="084" ind1=" " ind2=" ">
         <subfield code="a">15.70</subfield>
         <subfield code="2">bcl</subfield>
      </datafield>
      <datafield tag="245" ind1="0" ind2="0">
         <subfield code="a">Méditerranée :</subfield>
         <subfield code="b">ruptures et continuités : actes du colloque tenu á Nicosie les 20-22 octobre 2001, Université Lumière-Lyon 2, Université de Chypre /</subfield>
         <subfield code="c">sous la direction de May Chehab, Yannis Ioannou, Françoise Métral.</subfield>
      </datafield>
      <datafield tag="246" ind1="3" ind2=" ">
         <subfield code="a">Méditerranée, ruptures et continuités</subfield>
      </datafield>
      <datafield tag="260" ind1=" " ind2=" ">
         <subfield code="a">Lyon :</subfield>
         <subfield code="b">Maison de l'Orient et de la Méditerranée,</subfield>
         <subfield code="c">©2003.</subfield>
      </datafield>
      <datafield tag="300" ind1=" " ind2=" ">
         <subfield code="a">223 pages :</subfield>
         <subfield code="b">maps ;</subfield>
         <subfield code="c">30 cm.</subfield>
      </datafield>
      <datafield tag="336" ind1=" " ind2=" ">
         <subfield code="a">text</subfield>
         <subfield code="b">txt</subfield>
         <subfield code="2">rdacontent</subfield>
      </datafield>
      <datafield tag="337" ind1=" " ind2=" ">
         <subfield code="a">unmediated</subfield>
         <subfield code="b">n</subfield>
         <subfield code="2">rdamedia</subfield>
      </datafield>
      <datafield tag="338" ind1=" " ind2=" ">
         <subfield code="a">volume</subfield>
         <subfield code="b">nc</subfield>
         <subfield code="2">rdacarrier</subfield>
      </datafield>
      <datafield tag="490" ind1="1" ind2=" ">
         <subfield code="a">Travaux de la Maison de l'Orient ;</subfield>
         <subfield code="v">no 37</subfield>
      </datafield>
      <datafield tag="546" ind1=" " ind2=" ">
         <subfield code="a">Contributions in French or English. French articles have English abstracts. English articles have French abstracts.</subfield>
      </datafield>
      <datafield tag="504" ind1=" " ind2=" ">
         <subfield code="a">Includes bibliographical references.</subfield>
      </datafield>
      <datafield tag="505" ind1="0" ind2="0">
         <subfield code="g">1.</subfield>
         <subfield code="t">Mouvements de Pensée.</subfield>
         <subfield code="t">Émergence et éclipses dans l'anthropologie française : les trois moments de la Méditerranée /</subfield>
         <subfield code="r">Françoise Métral --</subfield>
         <subfield code="t">La Méditerranée et la désaffection de l'antique /</subfield>
         <subfield code="r">May Chehab --</subfield>
         <subfield code="t">L'Algérianisme, le mouvement du Méditerranéisme et la suite /</subfield>
         <subfield code="r">Georges Fréris --</subfield>
         <subfield code="t">L'humanisme méditerranéen dans la pensée de Charles Corm, écrivain libanais de l'entre-deux-guerres /</subfield>
         <subfield code="r">Charbel Tayah --</subfield>
         <subfield code="t">Archaeology and psychoanalysis /</subfield>
         <subfield code="r">Joanna Montgomery Byles.</subfield>
         <subfield code="g">II.</subfield>
         <subfield code="t">Thémes et Images.</subfield>
         <subfield code="t">Le théme de la mer dans la poésie populaire crétoise /</subfield>
         <subfield code="r">Vassiliki Coavoux --</subfield>
         <subfield code="t">Ovid and Ted Hughes : transformations in the Mediterranean /</subfield>
         <subfield code="r">Nephi Christodoulidou --</subfield>
         <subfield code="t">Lawrence Durrell's Bitter lemons /</subfield>
         <subfield code="r">Giuseppina Semola --</subfield>
         <subfield code="t">Henri Bosco et la Créce /</subfield>
         <subfield code="r">Yves Leroux.</subfield>
         <subfield code="g">III.</subfield>
         <subfield code="t">La Méditerranée, lieu de Créativité.</subfield>
         <subfield code="t">La Méditerranée, espace privilégié du théâtre de Andréas Staïkos /</subfield>
         <subfield code="r">Aphrodite Sivétidou --</subfield>
         <subfield code="t">La Méditerranée, lieu de naissance d'un roman parisien ou la métamorphose d'un jeune touriste en écrivain /</subfield>
         <subfield code="r">Liza Koukouvinou --</subfield>
         <subfield code="t">La Méditerranée comme réponse à la sollicitation d'un paysage intérieur dans Égée-Judée et d'autres écrits de Lorand Gaspar /</subfield>
         <subfield code="r">Elisabeth Démiroglou --</subfield>
         <subfield code="t">Éléments pour une considération globale du phénomène poétique /</subfield>
         <subfield code="r">Yannis E. Ioannou.</subfield>
         <subfield code="g">IV.</subfield>
         <subfield code="t">Langue(s) et Identité(s).</subfield>
         <subfield code="t">Quelques jalons pour une histoire de l'identité chypriote à l'époque des royaumes autonomes /</subfield>
         <subfield code="r">Anne-Marie Collombier --</subfield>
         <subfield code="t">"Spontaneous gemination" in Cypriot Greek /</subfield>
         <subfield code="r">Jim Davy, Anna Panayotou --</subfield>
         <subfield code="t">Construction de la mémoire, formulation de l'identité : Chypre et les guides touristiques /</subfield>
         <subfield code="r">Fabienne H. Baider --</subfield>
         <subfield code="t">The use of dialectal and foreign language elements in radio commercials and their function in the construction of contemporary Cypriot identity /</subfield>
         <subfield code="r">Pavlos Pavlou.</subfield>
      </datafield>
      <datafield tag="505" ind1="8" ind2="0">
         <subfield code="g">V.</subfield>
         <subfield code="t">Coexistences et Contrastes Communautaires.</subfield>
         <subfield code="t">L'historicité des termes : les Grecs et la domination ottomane XVIe-XIXe s. /</subfield>
         <subfield code="r">Sia Anagnostopoulou --</subfield>
         <subfield code="t">The politics of identity in the Turkish Cypriot community : a response to the politics of denial? /</subfield>
         <subfield code="r">Niyazi Kizilyürek /</subfield>
         <subfield code="t">The Armenians and the Maronites of Cyprus : comparative considerations concerning ethnic assimilation /</subfield>
         <subfield code="r">Caesar Mavratsas --</subfield>
         <subfield code="t">Urban space, social and ethnic identity /</subfield>
         <subfield code="r">Nicos Péristianis, Nadia Charalambous.</subfield>
      </datafield>
      <datafield tag="651" ind1=" " ind2="0">
         <subfield code="a">Mediterranean Region</subfield>
         <subfield code="v">Congresses.</subfield>
      </datafield>
      <datafield tag="651" ind1=" " ind2="0">
         <subfield code="a">Middle East</subfield>
         <subfield code="v">Congresses.</subfield>
      </datafield>
      <datafield tag="651" ind1=" " ind2="0">
         <subfield code="a">Cyprus</subfield>
         <subfield code="v">Congresses.</subfield>
      </datafield>
      <datafield tag="651" ind1=" " ind2="0">
         <subfield code="a">Mediterranean Region</subfield>
         <subfield code="x">Civilization</subfield>
         <subfield code="v">Congresses.</subfield>
      </datafield>
      <datafield tag="651" ind1=" " ind2="0">
         <subfield code="a">Cyprus</subfield>
         <subfield code="x">Civilization</subfield>
         <subfield code="v">Congresses.</subfield>
      </datafield>
      <datafield tag="651" ind1=" " ind2="0">
         <subfield code="a">Mediterranean Region</subfield>
         <subfield code="x">In literature</subfield>
         <subfield code="v">Congresses.</subfield>
      </datafield>
      <datafield tag="651" ind1=" " ind2="0">
         <subfield code="a">Cyprus</subfield>
         <subfield code="x">In literature</subfield>
         <subfield code="v">Congresses.</subfield>
      </datafield>
      <datafield tag="650" ind1=" " ind2="7">
         <subfield code="a">Kultur.</subfield>
         <subfield code="2">gnd</subfield>
         <subfield code="0">(DE-588)4125698-0</subfield>
      </datafield>
      <datafield tag="650" ind1=" " ind2="7">
         <subfield code="a">Geschichte.</subfield>
         <subfield code="2">gnd</subfield>
         <subfield code="0">(DE-588)4020517-4</subfield>
      </datafield>
      <datafield tag="650" ind1=" " ind2="7">
         <subfield code="a">Kongress.</subfield>
         <subfield code="2">gnd</subfield>
         <subfield code="0">(DE-588)4130470-6</subfield>
      </datafield>
      <datafield tag="651" ind1=" " ind2="7">
         <subfield code="a">Mittelmeerraum.</subfield>
         <subfield code="2">gnd</subfield>
         <subfield code="0">(DE-588)4074900-9</subfield>
      </datafield>
      <datafield tag="651" ind1=" " ind2="7">
         <subfield code="a">Cyprus.</subfield>
         <subfield code="2">fast</subfield>
         <subfield code="0">(OCoLC)fst01205213</subfield>
      </datafield>
      <datafield tag="651" ind1=" " ind2="7">
         <subfield code="a">Mediterranean Region.</subfield>
         <subfield code="2">fast</subfield>
         <subfield code="0">(OCoLC)fst01239752</subfield>
      </datafield>
      <datafield tag="651" ind1=" " ind2="7">
         <subfield code="a">Middle East.</subfield>
         <subfield code="2">fast</subfield>
         <subfield code="0">(OCoLC)fst01241586</subfield>
      </datafield>
      <datafield tag="653" ind1=" " ind2=" ">
         <subfield code="a">Mediterranean</subfield>
         <subfield code="a">History</subfield>
      </datafield>
      <datafield tag="655" ind1=" " ind2="7">
         <subfield code="a">Conference papers and proceedings.</subfield>
         <subfield code="2">fast</subfield>
         <subfield code="0">(OCoLC)fst01423772</subfield>
      </datafield>
      <datafield tag="700" ind1="1" ind2=" ">
         <subfield code="6">880-01</subfield>
         <subfield code="a">Chehab, May.</subfield>
      </datafield>
      <datafield tag="700" ind1="1" ind2=" ">
         <subfield code="a">Iōannou, Giannēs Ē.,</subfield>
         <subfield code="d">1954-</subfield>
      </datafield>
      <datafield tag="700" ind1="1" ind2=" ">
         <subfield code="a">Métral, F.</subfield>
         <subfield code="q">(Françoise)</subfield>
      </datafield>
      <datafield tag="710" ind1="2" ind2=" ">
         <subfield code="6">880-02</subfield>
         <subfield code="a">Université de Lyon II.</subfield>
      </datafield>
      <datafield tag="710" ind1="2" ind2=" ">
         <subfield code="a">Panepistēmio Kyprou.</subfield>
      </datafield>
      <datafield tag="880" ind1="1" ind2=" ">
         <subfield code="6">700-01/</subfield>
         <subfield code="a">Ιωάννου, Γιάννης Η.</subfield>
         <subfield code="d">1954-</subfield>
         <subfield code="4">edt</subfield>
      </datafield>
      <datafield tag="880" ind1="2" ind2=" ">
         <subfield code="6">710-02/</subfield>
         <subfield code="a">Πανεπιστήμιο Κύπρου.</subfield>
      </datafield>
      <datafield tag="830" ind1=" " ind2="0">
         <subfield code="a">Travaux de la Maison de l'Orient ;</subfield>
         <subfield code="v">no 37.</subfield>
      </datafield>
      <datafield tag="OWN" ind1=" " ind2=" ">
         <subfield code="a">GENERAL</subfield>
      </datafield>
      <datafield tag="AVA" ind1=" " ind2=" ">
         <subfield code="a">NYU50</subfield>
         <subfield code="b">NISAW</subfield>
         <subfield code="c">Large Collection</subfield>
         <subfield code="d">DE2.5 .M42 2003 Non-circulating</subfield>
         <subfield code="e">available</subfield>
         <subfield code="t">Available</subfield>
         <subfield code="f">1</subfield>
         <subfield code="g">0</subfield>
         <subfield code="h">N</subfield>
         <subfield code="i">0</subfield>
         <subfield code="j">LARGE</subfield>
         <subfield code="k">0</subfield>
      </datafield>
      <marc:datafield tag="852" ind1=" " ind2=" ">
         <marc:subfield code="b">Institute for the Study of the Ancient World, </marc:subfield>
         <marc:subfield code="c">Large Collection</marc:subfield>
         <marc:subfield code="e">15 East 84th St., </marc:subfield>
         <marc:subfield code="e">New York, NY  10028</marc:subfield>
      </marc:datafield>
   </record>