
  
  
  
  
  
  
  
  
  
  
  
  
  
 
  
  <record xsi:schemaLocation="http://www.loc.gov/MARC21/slim http://www.loc.gov/standards/marcxml/schema/MARC21slim.xsd">
      <leader>00000cam a22      a 4500</leader>
      <controlfield tag="FMT">BK</controlfield>
      <controlfield tag="LDR">00000cam a22      a 4500</controlfield>
      <controlfield tag="001">004537754</controlfield>
      <controlfield tag="005">20161221121417.0</controlfield>
      <controlfield tag="008">161205s2005    fr acde  b    100 0 fre d</controlfield>
      <datafield tag="010" ind1=" " ind2=" ">
         <subfield code="a">  2005455833</subfield>
      </datafield>
      <datafield tag="020" ind1=" " ind2=" ">
         <subfield code="a">2903264821</subfield>
      </datafield>
      <datafield tag="020" ind1=" " ind2=" ">
         <subfield code="a">9782903264826</subfield>
      </datafield>
      <datafield tag="035" ind1=" " ind2=" ">
         <subfield code="a">(OCoLC)64207175</subfield>
         <subfield code="z">(OCoLC)61139327</subfield>
      </datafield>
      <datafield tag="040" ind1=" " ind2=" ">
         <subfield code="a">TZT</subfield>
         <subfield code="b">eng</subfield>
         <subfield code="c">TZT</subfield>
         <subfield code="d">DLC</subfield>
         <subfield code="d">CUY</subfield>
         <subfield code="d">AUXAM</subfield>
         <subfield code="d">RLINP</subfield>
         <subfield code="d">BRZ</subfield>
         <subfield code="d">GEBAY</subfield>
         <subfield code="d">OCLCQ</subfield>
         <subfield code="d">OCLCO</subfield>
         <subfield code="d">OCLCF</subfield>
         <subfield code="d">OCLCQ</subfield>
         <subfield code="d">OCL</subfield>
         <subfield code="d">DEBBG</subfield>
         <subfield code="d">ZYU</subfield>
      </datafield>
      <datafield tag="041" ind1="0" ind2=" ">
         <subfield code="a">fre</subfield>
         <subfield code="a">eng</subfield>
         <subfield code="a">ger</subfield>
         <subfield code="b">fre</subfield>
         <subfield code="b">eng</subfield>
      </datafield>
      <datafield tag="042" ind1=" " ind2=" ">
         <subfield code="a">lccopycat</subfield>
      </datafield>
      <datafield tag="043" ind1=" " ind2=" ">
         <subfield code="a">f-ua---</subfield>
      </datafield>
      <datafield tag="050" ind1="0" ind2="0">
         <subfield code="a">DT60</subfield>
         <subfield code="b">.D47 2005</subfield>
      </datafield>
      <datafield tag="072" ind1=" " ind2="7">
         <subfield code="a">D</subfield>
         <subfield code="2">lcco</subfield>
      </datafield>
      <datafield tag="079" ind1=" " ind2=" ">
         <subfield code="a">(OCoLC)64207175</subfield>
      </datafield>
      <datafield tag="082" ind1="1" ind2="4">
         <subfield code="a">932</subfield>
         <subfield code="2">1</subfield>
      </datafield>
      <datafield tag="084" ind1=" " ind2=" ">
         <subfield code="a">6,11</subfield>
         <subfield code="2">ssgn</subfield>
      </datafield>
      <datafield tag="084" ind1=" " ind2=" ">
         <subfield code="a">6,12</subfield>
         <subfield code="2">ssgn</subfield>
      </datafield>
      <datafield tag="245" ind1="0" ind2="0">
         <subfield code="a">Des Nekerkare aux Montouhotep :</subfield>
         <subfield code="b">travaux archéologiques en cours sur la fin de la VIe dynastie et la première période intermédiaire ; actes du colloque CNRS-Université Lumière-Lyon 2, tenu le 5-7 juillet 2001 /</subfield>
         <subfield code="c">édités par Laure Pantalacci et Catherine Berger-El-Naggar.</subfield>
      </datafield>
      <datafield tag="260" ind1=" " ind2=" ">
         <subfield code="a">Lyon :</subfield>
         <subfield code="b">Maison de l'Orient et de la Méditerranée,</subfield>
         <subfield code="c">©2005.</subfield>
      </datafield>
      <datafield tag="300" ind1=" " ind2=" ">
         <subfield code="a">302 pages :</subfield>
         <subfield code="b">illustrations (some color), portraits, charts, plans ;</subfield>
         <subfield code="c">30 cm.</subfield>
      </datafield>
      <datafield tag="336" ind1=" " ind2=" ">
         <subfield code="a">text</subfield>
         <subfield code="b">txt</subfield>
         <subfield code="2">rdacontent</subfield>
      </datafield>
      <datafield tag="337" ind1=" " ind2=" ">
         <subfield code="a">unmediated</subfield>
         <subfield code="b">n</subfield>
         <subfield code="2">rdamedia</subfield>
      </datafield>
      <datafield tag="338" ind1=" " ind2=" ">
         <subfield code="a">volume</subfield>
         <subfield code="b">nc</subfield>
         <subfield code="2">rdacarrier</subfield>
      </datafield>
      <datafield tag="490" ind1="1" ind2=" ">
         <subfield code="a">Travaux de la maison de l'Orient et de la Méditerranée,</subfield>
         <subfield code="x">0766-0510 ;</subfield>
         <subfield code="v">no 40</subfield>
      </datafield>
      <datafield tag="504" ind1=" " ind2=" ">
         <subfield code="a">Includes bibliographical references.</subfield>
      </datafield>
      <datafield tag="546" ind1=" " ind2=" ">
         <subfield code="a">Contributions in French, English, and German. Abstracts in English and French.</subfield>
      </datafield>
      <datafield tag="505" ind1="0" ind2="0">
         <subfield code="t"/>
         <subfield code="t">Cultes de reines et cultes privés dans le cimetière de la famille royale de Pépy Ier /</subfield>
         <subfield code="r">Catherine Berger-El-Naggar --</subfield>
         <subfield code="t">The Late Old Kingdom at South Saqqara /</subfield>
         <subfield code="r">Edward Brovarski --</subfield>
         <subfield code="t">Périodes d'occupation des cimetières secondaires du mastaba de Khentika à Balat (oasis de Dakhla) /</subfield>
         <subfield code="r">Georges Castel --</subfield>
         <subfield code="t">Animate decoration and burial chambers of private tombs during the Old Kingdom : new evidence from the tomb of Kairer at Saqqara /</subfield>
         <subfield code="r">Khaled Dawood --</subfield>
         <subfield code="t">Les objets d'un dépôt de sanctuaire (ḥwt-k3) à Éléphantine et leur utilisation rituelle /</subfield>
         <subfield code="r">Andreas Dorn --</subfield>
         <subfield code="t">The Temple of Nebhepetre Mentuhotep at Gebelein : preliminary report /</subfield>
         <subfield code="r">Elisa Fiore Marochetti --</subfield>
         <subfield code="t">Éléments de datation d'un groupe de stèles fausses-portes de la Première Période Intermédiaire /</subfield>
         <subfield code="r">Yannis Gourdon --</subfield>
         <subfield code="t">The First Intermediate Period cemetery and settlement at Tell Ibrahim Awad /</subfield>
         <subfield code="r">Willem M. van Haarlem --</subfield>
         <subfield code="t">L'architecture des pyramides de reines à la fin de la VIe dynastie /</subfield>
         <subfield code="r">Audran Labrousse --</subfield>
         <subfield code="t">Élites provinciales, transformations sociales et idéologie à la fin de l'Ancien Empire et à la Première Période Intermédiaire /</subfield>
         <subfield code="r">Juan Carlos Moreno García --</subfield>
         <subfield code="t">Sceaux et empreintes de sceaux comme critères de datation : les enseignements des fouilles de Balat /</subfield>
         <subfield code="r">Laure Pantalacci --</subfield>
         <subfield code="t">La nécropole de la Première Période Intermédiaire du Moyen Empire à Héracléopolis Magna : nouvelles découvertes et résultats récents (campagne 2001) /</subfield>
         <subfield code="r">Carmen Pérez Die --</subfield>
         <subfield code="t">Une variante septentrionale de la formule d'offrande invocatoire à la Première Période Intermédiaire prt-ḫrw nt /</subfield>
         <subfield code="r">Lilian Postel --</subfield>
         <subfield code="t">Regionale und chronologische Charakteristika der Beigabenkeramik des Friedhofs von Elephantine /</subfield>
         <subfield code="r">Stephan Johannes Seidlmayer --</subfield>
         <subfield code="t">Matériel de la fin de l'Ancien Empire et de la Première Période Intermédiaire recueilli dans la ville de 'Ayn-asil (Balat, oasis de Dakhla) /</subfield>
         <subfield code="r">Michel Wuttmann.</subfield>
      </datafield>
      <datafield tag="651" ind1=" " ind2="0">
         <subfield code="a">Egypt</subfield>
         <subfield code="x">Antiquities</subfield>
         <subfield code="v">Congresses.</subfield>
      </datafield>
      <datafield tag="650" ind1=" " ind2="0">
         <subfield code="a">Funeral rites and ceremonies</subfield>
         <subfield code="z">Egypt</subfield>
         <subfield code="v">Congresses.</subfield>
      </datafield>
      <datafield tag="650" ind1=" " ind2="0">
         <subfield code="a">Excavations (Archaeology)</subfield>
         <subfield code="z">Egypt</subfield>
         <subfield code="v">Congresses.</subfield>
      </datafield>
      <datafield tag="650" ind1=" " ind2="7">
         <subfield code="a">Antiquities.</subfield>
         <subfield code="2">fast</subfield>
         <subfield code="0">(OCoLC)fst00810745</subfield>
      </datafield>
      <datafield tag="650" ind1=" " ind2="7">
         <subfield code="a">Funeral rites and ceremonies.</subfield>
         <subfield code="2">fast</subfield>
         <subfield code="0">(OCoLC)fst00936223</subfield>
      </datafield>
      <datafield tag="651" ind1=" " ind2="7">
         <subfield code="a">Egypt.</subfield>
         <subfield code="2">fast</subfield>
         <subfield code="0">(OCoLC)fst01208755</subfield>
      </datafield>
      <datafield tag="650" ind1=" " ind2="7">
         <subfield code="a">Fouilles archéologiques</subfield>
         <subfield code="z">Égypte</subfield>
         <subfield code="y">1990- ...</subfield>
         <subfield code="x">Congrès.</subfield>
         <subfield code="2">ram</subfield>
      </datafield>
      <datafield tag="651" ind1=" " ind2="7">
         <subfield code="a">Égypte</subfield>
         <subfield code="z">2778-2160 av. J.-C. (Ancien Empire)</subfield>
         <subfield code="x">Congrès.</subfield>
         <subfield code="2">ram</subfield>
      </datafield>
      <datafield tag="651" ind1=" " ind2="7">
         <subfield code="a">Égypte</subfield>
         <subfield code="z">2160-1580 av. J.-C. (Moyen Empire)</subfield>
         <subfield code="x">Congrès.</subfield>
         <subfield code="2">ram</subfield>
      </datafield>
      <datafield tag="651" ind1=" " ind2="7">
         <subfield code="a">Égypte</subfield>
         <subfield code="x">Antiquités</subfield>
         <subfield code="x">Congrès.</subfield>
         <subfield code="2">ram</subfield>
      </datafield>
      <datafield tag="655" ind1=" " ind2="7">
         <subfield code="a">Conference papers and proceedings.</subfield>
         <subfield code="2">fast</subfield>
         <subfield code="0">(OCoLC)fst01423772</subfield>
      </datafield>
      <datafield tag="700" ind1="1" ind2=" ">
         <subfield code="a">Pantalacci, Laure.</subfield>
      </datafield>
      <datafield tag="700" ind1="1" ind2=" ">
         <subfield code="a">Berger-El Naggar, Catherine.</subfield>
      </datafield>
      <datafield tag="710" ind1="2" ind2=" ">
         <subfield code="a">Centre national de la recherche scientifique (France)</subfield>
      </datafield>
      <datafield tag="710" ind1="2" ind2=" ">
         <subfield code="a">Université de Lyon II.</subfield>
      </datafield>
      <datafield tag="776" ind1="0" ind2="8">
         <subfield code="i">Online version:</subfield>
         <subfield code="t">Des Néferkarê aux Montouhotep.</subfield>
         <subfield code="d">Lyon : Maison de l'Orient et de la Méditerranée, ©2005</subfield>
         <subfield code="w">(OCoLC)607588326</subfield>
      </datafield>
      <datafield tag="776" ind1="0" ind2="8">
         <subfield code="i">Online version:</subfield>
         <subfield code="t">Des Néferkarê aux Montouhotep.</subfield>
         <subfield code="d">Lyon : Maison de l'Orient et de la Méditerranée, ©2005</subfield>
         <subfield code="w">(OCoLC)607796686</subfield>
      </datafield>
      <datafield tag="830" ind1=" " ind2="0">
         <subfield code="a">Travaux de la Maison de l'Orient ;</subfield>
         <subfield code="v">no 40.</subfield>
      </datafield>
      <datafield tag="856" ind1=" " ind2=" ">
         <subfield code="u">http://bvbr.bib-bvb.de:8991/F?func=service&amp;doc_library=BVB01&amp;local_base=BVB01&amp;doc_number=013346435&amp;line_number=0001&amp;func_code=DB_RECORDS&amp;service_type=MEDIA</subfield>
         <subfield code="z">Inhaltsverzeichnis</subfield>
      </datafield>
      <datafield tag="OWN" ind1=" " ind2=" ">
         <subfield code="a">GENERAL</subfield>
      </datafield>
      <datafield tag="AVA" ind1=" " ind2=" ">
         <subfield code="a">NYU50</subfield>
         <subfield code="b">NISAW</subfield>
         <subfield code="c">Large Collection</subfield>
         <subfield code="d">DT60 .D47 2005 Non-circulating</subfield>
         <subfield code="e">available</subfield>
         <subfield code="t">Available</subfield>
         <subfield code="f">1</subfield>
         <subfield code="g">0</subfield>
         <subfield code="h">N</subfield>
         <subfield code="i">0</subfield>
         <subfield code="j">LARGE</subfield>
         <subfield code="k">0</subfield>
      </datafield>
      <marc:datafield tag="852" ind1=" " ind2=" ">
         <marc:subfield code="b">Institute for the Study of the Ancient World, </marc:subfield>
         <marc:subfield code="c">Large Collection</marc:subfield>
         <marc:subfield code="e">15 East 84th St., </marc:subfield>
         <marc:subfield code="e">New York, NY  10028</marc:subfield>
      </marc:datafield>
   </record>