
  
  
  
  
  
  
  
  
  
 
  
  <record xsi:schemaLocation="http://www.loc.gov/MARC21/slim http://www.loc.gov/standards/marcxml/schema/MARC21slim.xsd">
      <leader>00000cam a2200745 a 4500</leader>
      <controlfield tag="FMT">BK</controlfield>
      <controlfield tag="LDR">00000cam a2200745 a 4500</controlfield>
      <controlfield tag="001">000842780</controlfield>
      <controlfield tag="003">OCoLC</controlfield>
      <controlfield tag="005">20161215143358.0</controlfield>
      <controlfield tag="008">020911m20019999fr abe   b    001 0 fre</controlfield>
      <datafield tag="010" ind1=" " ind2=" ">
         <subfield code="a">2002550700</subfield>
      </datafield>
      <datafield tag="020" ind1=" " ind2=" ">
         <subfield code="a">2865382842 (v. 1)</subfield>
      </datafield>
      <datafield tag="020" ind1=" " ind2=" ">
         <subfield code="a">9782865382842 (v. 1)</subfield>
      </datafield>
      <datafield tag="020" ind1=" " ind2=" ">
         <subfield code="a">9789042925953 (v. 2)</subfield>
      </datafield>
      <datafield tag="020" ind1=" " ind2=" ">
         <subfield code="a">9042925957 (v. 2)</subfield>
      </datafield>
      <datafield tag="020" ind1=" " ind2=" ">
         <subfield code="a">9789042930179 (v. 3)</subfield>
      </datafield>
      <datafield tag="020" ind1=" " ind2=" ">
         <subfield code="a">9789042934399 (v. 4)</subfield>
      </datafield>
      <datafield tag="035" ind1=" " ind2=" ">
         <subfield code="a">(OCoLC)51010262</subfield>
      </datafield>
      <datafield tag="040" ind1=" " ind2=" ">
         <subfield code="a">DLC</subfield>
         <subfield code="b">eng</subfield>
         <subfield code="c">DLC</subfield>
         <subfield code="d">NLGGC</subfield>
         <subfield code="d">HEBIS</subfield>
         <subfield code="d">N15</subfield>
         <subfield code="d">CGU</subfield>
         <subfield code="d">DTM</subfield>
         <subfield code="d">OHX</subfield>
         <subfield code="d">CDX</subfield>
         <subfield code="d">YDXCP</subfield>
         <subfield code="d">BWX</subfield>
         <subfield code="d">NNU</subfield>
      </datafield>
      <datafield tag="041" ind1="1" ind2=" ">
         <subfield code="a">fre</subfield>
         <subfield code="a">uga</subfield>
         <subfield code="a">akk</subfield>
         <subfield code="h">uga</subfield>
         <subfield code="h">akk</subfield>
      </datafield>
      <datafield tag="042" ind1=" " ind2=" ">
         <subfield code="a">pcc</subfield>
      </datafield>
      <datafield tag="043" ind1=" " ind2=" ">
         <subfield code="a">a-sy---</subfield>
      </datafield>
      <datafield tag="050" ind1="0" ind2="0">
         <subfield code="a">DS99.U35</subfield>
         <subfield code="b">R37 1983 vol.14, etc.</subfield>
      </datafield>
      <datafield tag="072" ind1=" " ind2="7">
         <subfield code="a">DS</subfield>
         <subfield code="2">lcco</subfield>
      </datafield>
      <datafield tag="079" ind1=" " ind2=" ">
         <subfield code="a">(OCoLC)51010262</subfield>
      </datafield>
      <datafield tag="082" ind1="0" ind2="0">
         <subfield code="a">939/.43</subfield>
         <subfield code="2">21</subfield>
      </datafield>
      <datafield tag="245" ind1="0" ind2="0">
         <subfield code="a">Etudes ougaritiques /</subfield>
         <subfield code="c">sous la direction de Marguerite Yon et Daniel Arnaud.</subfield>
      </datafield>
      <datafield tag="260" ind1=" " ind2=" ">
         <subfield code="3">v. 1</subfield>
         <subfield code="a">Paris :</subfield>
         <subfield code="b">Editions recherche sur les civilisations,</subfield>
         <subfield code="c">c2001-</subfield>
      </datafield>
      <datafield tag="260" ind1="3" ind2=" ">
         <subfield code="3">v. 2-</subfield>
         <subfield code="a">Leuven ;</subfield>
         <subfield code="a">Walpole, MA :</subfield>
         <subfield code="b">Peeters</subfield>
      </datafield>
      <datafield tag="300" ind1=" " ind2=" ">
         <subfield code="a">v. :</subfield>
         <subfield code="b">ill. (some col.), maps, plans ;</subfield>
         <subfield code="c">30 cm.</subfield>
      </datafield>
      <datafield tag="490" ind1="1" ind2=" ">
         <subfield code="a">Ras Shamra-Ougarit ;</subfield>
         <subfield code="v">14, 20, 21, 24</subfield>
      </datafield>
      <datafield tag="546" ind1=" " ind2=" ">
         <subfield code="a">Vol. 1 includes texts in Ugaritic and Akkadian with French translation.</subfield>
      </datafield>
      <datafield tag="500" ind1=" " ind2=" ">
         <subfield code="a">Vol. 2 includes seven papers presented at two conferences; first conference entitled Études ougaritiques à l'occasion du soixante-quinzième anniversaire de l'exploration d'Ougarit held Aug. 2004, Latakia, Syria; second conference entitled Recherches à Ougarit, royaume syrien du IIe millénaire held Nov. 2004, Lyon, France.</subfield>
      </datafield>
      <datafield tag="504" ind1=" " ind2=" ">
         <subfield code="a">Includes bibliographical references and index.</subfield>
      </datafield>
      <datafield tag="505" ind1="1" ind2="0">
         <subfield code="g">I. Travaux, 1985-1995 --</subfield>
         <subfield code="g">II. [Without special title] /</subfield>
         <subfield code="r">ouvrage édité par Valérie Matoïan, Michel al-Maqdissi et Yves Calvet --</subfield>
         <subfield code="t">Région d'Ougarit au Bronze récent /</subfield>
         <subfield code="r">Yves Calvet --</subfield>
         <subfield code="t">Ressources en eau et les aménagements hydrauliques en Ougarit : état de la recherche /</subfield>
         <subfield code="r">Bernard Geyer --</subfield>
         <subfield code="t">Anthropologie et pathologie dans le Néolithique final de Ras Shamra /</subfield>
         <subfield code="r">Henri de Contenson, Jacques Clère --</subfield>
         <subfield code="t">Etude de la faune du sondage Henri de Contenson à Ras Shamra-Syrie /</subfield>
         <subfield code="r">Daniel Helmer --</subfield>
         <subfield code="t">Anniversaire dans l'anniversaire : la campagne de fouilles franco-syrienne à Ras Shamra en 1974 : rapport sommaire /</subfield>
         <subfield code="r">Adnan Bounni, Jacques Lagarce, Élisabeth Lagarce, Sébastien Rey --</subfield>
         <subfield code="t">Données récentes sur les céramiques avec marques d'Ougarit /</subfield>
         <subfield code="r">Valérie Matoïan --</subfield>
         <subfield code="t">Ecole de peintres-céramistes à Ougarit? /</subfield>
         <subfield code="r">Jean-Yves Monchambert --</subfield>
         <subfield code="t">Techniques de la bijouterie d'or de Ras Shamra-Ougarit : filigrane et granulation /</subfield>
         <subfield code="r">Romain Prévalet --</subfield>
         <subfield code="t">Plaque en or à décor figuré du Palais royal d'Ougarit /</subfield>
         <subfield code="r">Francesca Onnis --</subfield>
         <subfield code="t">Utilisation du plomb à Ougarit /</subfield>
         <subfield code="r">Ella Dardaillon --</subfield>
         <subfield code="t">Littérature et pouvoir royal à Ougarit : sens politique de la littérature d'Ougarit /</subfield>
         <subfield code="r">Gregorio del Olmo Lete --</subfield>
         <subfield code="t">Dons royaux en langue ougaritique : nouvelle étude épigraphique de RS 15.111 /</subfield>
         <subfield code="r">Robert Hawley, Dennis Pardee --</subfield>
         <subfield code="t">Chevaux en Ougarit : élevage et commerce /</subfield>
         <subfield code="r">Florence Malbran-Labat --</subfield>
         <subfield code="t">Poids et mesures dans les textes administratifs en ougaritique : unités pondérales et quantification du cuivre /</subfield>
         <subfield code="r">Etienne Bordreuil --</subfield>
         <subfield code="t">Note d'archéologie levantine XXVII : vingt ans de fouilles archéologiques à Tell Sianu dans la plaine de Jablé (1990-2009) /</subfield>
         <subfield code="r">Michel al-Maqdissi --</subfield>
      </datafield>
      <datafield tag="505" ind1="1" ind2="0">
         <subfield code="g">III. [Without special title] /</subfield>
         <subfield code="r">ouvrage édité par Valérie Matoïan et Michel al-Maqdissi --</subfield>
         <subfield code="t">"Pont-barrage" du Nahr ed-Delbé (Ras Shamra-Ougarit, Syrie) /</subfield>
         <subfield code="r">Bernard Geyer, Yves Calvet --</subfield>
         <subfield code="t">Premières observations réalisées sur le puits 3150 du chantier "Grand-rue" (Ras Shamra-Ougarit) /</subfield>
         <subfield code="r">Bernard Geyer, Valérie Matoïan, L. Herveux --</subfield>
         <subfield code="t">"Résidence nord" à Ougarit : les fouilles complémentaires effectuées entre 1999 et 2005 /</subfield>
         <subfield code="r">Jean-Yves Monchambert --</subfield>
         <subfield code="t">Bâtiment "au trône", un nouveau sanctuaire à Ougarit? /</subfield>
         <subfield code="r">Olivier Callot --</subfield>
         <subfield code="t">Roches de construction d'Ougarit : production, façonnage, mise en oeuvre /</subfield>
         <subfield code="r">Jean-Claude Bessac --</subfield>
         <subfield code="t">Identification d'essences de bois dans l'architecture d'Ougarit /</subfield>
         <subfield code="r">Victoria Asensi Amorós --</subfield>
         <subfield code="t">Maison dite "de Rashapabou" : inventaire des objets découverts lors de la fouille de l'édifice et essai d'interprétation /</subfield>
         <subfield code="r">Valérie Matoïan --</subfield>
         <subfield code="t">Poulpes, poissons et coquillages : essai sur les représentations du monde aquatique dans la céramique mycénienne d'Ougarit /</subfield>
         <subfield code="r">Aurélie Carbillet --</subfield>
         <subfield code="t">Analyse du bitume des éléments de faucilles en silex d'Ougarit (Bâtiment B du chantier "Grand-rue") /</subfield>
         <subfield code="r">Pierre Adam, Philippe Schaeffer, Jacques Connan, Éric Coqueugniot, Valérie Matoïan, Francesca Onnis --</subfield>
         <subfield code="t">Emplois du bitume à Ougarit au Bronze récent /</subfield>
         <subfield code="r">Valérie Matoïan --</subfield>
         <subfield code="t">Ras Shamra-Ougarit (Syrie), 62e campagne, 2002 : poterie des chantiers 173 et 178 dans le Palais Nord /</subfield>
         <subfield code="r">Joël Mallet --</subfield>
         <subfield code="t">Nouveau vase inédit d'Horemheb /</subfield>
         <subfield code="r">Bérénice Lagarce-Othman --</subfield>
         <subfield code="t">Fusaïole inscrite en ougaritique au Musée d'Archéologie nationale de Saint-Germain-en-Laye /</subfield>
         <subfield code="r">Caroline Sauvage, Robert Hawley --</subfield>
         <subfield code="t">A propos des textes akkadiens alphabétiques conservés au Musée d'Alep : notes épigraphiques /</subfield>
         <subfield code="r">Robert Hawley, Denis Pardee, Carole Roche-Hawley --</subfield>
      </datafield>
      <datafield tag="505" ind1="1" ind2="0">
         <subfield code="t">Interactions à Ougarit entre textes administratifs et textes d'un autre genre (lettres, textes juridiques, rituels, étiquettes) /</subfield>
         <subfield code="r">Juan-Pablo Vita --</subfield>
         <subfield code="t">Notes d'archéologie levantine XL. Structures du Bronze ancien à Ras Ibn Hani, campagne de 1987 /</subfield>
         <subfield code="r">Michel al-Maqdissi --</subfield>
         <subfield code="t">Notes d'archéologie levantine XXXIX. Rapport préliminaire sur les travaux syriens à Ras Ibn Hami (campagne 2011) /</subfield>
         <subfield code="r">Michel al-Maqdissi --</subfield>
         <subfield code="t">Timbres amphoriques de Ras Ibn Hani (campagne 2011) /</subfield>
         <subfield code="r">Yves Calvet --</subfield>
         <subfield code="t">Note sommaire sur les figurines en terre cuite de Ras Ibn Hani (campagne 2011) /</subfield>
         <subfield code="r">Eva Ishaq --</subfield>
      </datafield>
      <datafield tag="505" ind1="1" ind2="0">
         <subfield code="g">IV. [Without special title] /</subfield>
         <subfield code="r">ouvrage édité par Valérie Matoïan et Michel al-Maqdissi.</subfield>
         <subfield code="t">Pierre Bordreuil, "l'humanisme inédit" /</subfield>
         <subfield code="r">Michel Al-Maqdissi --</subfield>
         <subfield code="t">Remerciements --</subfield>
         <subfield code="t">Lettre à Pierre (Bordruil) /</subfield>
         <subfield code="r">Cécile Michel --</subfield>
         <subfield code="t">Pierre Bordreuil et le "monde péri-biblique" /</subfield>
         <subfield code="r">Anne-Sophie Dalix --</subfield>
         <subfield code="t">Oeuvre scientifique de Pierre Bordreuil (Alès, 28 août 1937-Paris, 13 novembre 2013) /</subfield>
         <subfield code="r">Anne-Sophie Dalix --</subfield>
         <subfield code="t">De l'aleph au taw /</subfield>
         <subfield code="r">Valérie Matoïan --</subfield>
         <subfield code="t">Paléographie des tablettes musicales hourrites de Ras Shamra-Ougarit /</subfield>
         <subfield code="r">Françoise Ernst-Pradal --</subfield>
         <subfield code="t">Divinities in Personal Names at Ugarit /</subfield>
         <subfield code="r">Wilfred H. Van Soldt --</subfield>
         <subfield code="t">The Traveling Queen of Ugarit /</subfield>
         <subfield code="r">Wilfred H. Van Soldt --</subfield>
         <subfield code="t">El-Kunirsha in Anatolia, the Levant and elsewhere /</subfield>
         <subfield code="r">Meindert Dijkstra --</subfield>
         <subfield code="t">Les gzzm "tondeurs" à Ougarit /</subfield>
         <subfield code="r">Juan-Pablo Vita --</subfield>
         <subfield code="t">La "maison d'Ourtenou" à Ougarit: les textes chypro-minoens /</subfield>
         <subfield code="r">Jean-Pierre Olivier --</subfield>
         <subfield code="t">Une empreite au nom de Ramsès II trouvée dans le secteur de la "Maison d'Ourtenou" /</subfield>
         <subfield code="r">Bérénice Lagarce Othman --</subfield>
         <subfield code="t">Les vases égyptiens en pierre de la fin du IVe et du IIIe millénaires av. J.-C. découverts à Ougarit /</subfield>
         <subfield code="r">Valérie Matoïan --</subfield>
         <subfield code="t">De l'"idole-louche" à l'"applique murale": retour sur une catégorie d'objet énigmatique découverte à Ougarit /</subfield>
         <subfield code="r">Aurélie Carbillet --</subfield>
         <subfield code="t">Rapport préliminaire sur les travaux de l'équipe syrienne à Ras Shamra-Ougarit en 2012 /</subfield>
         <subfield code="r">Khozama Al-Bahloul --</subfield>
         <subfield code="t">Notes d'Archéologie Levantine L : rapport préliminaire de la première campagne de fouilles à Tell Shamiyeh (Nahr el 'Arab) en 2010 /</subfield>
         <subfield code="r">Michel al- Maqdissi et Eva Ishak.</subfield>
         <subfield code="g">Addendum.</subfield>
         <subfield code="t">Addendum EO III (RSO XXI, p. 203-292) : "Poulpes, poissons et coquillages-- Essai sur les représentations du monde aquatique dans la céramique mycénienne d'Ougarit" /</subfield>
         <subfield code="r">Aurélie Carbillet.</subfield>
         <subfield code="g">Erratum.</subfield>
         <subfield code="t">Erratum EO III (RSO XXI, p. 75) : La "Résidence nord" à Ougarit : les fouilles complémentaires effectuées entre 1999 et 2005 /</subfield>
         <subfield code="r">Jean-Yves Monchambert.</subfield>
      </datafield>
      <datafield tag="651" ind1=" " ind2="0">
         <subfield code="a">Ugarit (Extinct city)</subfield>
      </datafield>
      <datafield tag="650" ind1=" " ind2="0">
         <subfield code="a">Excavations (Archaeology)</subfield>
         <subfield code="z">Syria</subfield>
         <subfield code="z">Ugarit (Extinct city).</subfield>
      </datafield>
      <datafield tag="650" ind1=" " ind2="0">
         <subfield code="a">Ugaritic language</subfield>
         <subfield code="v">Texts.</subfield>
      </datafield>
      <datafield tag="650" ind1=" " ind2="0">
         <subfield code="a">Akkadian language</subfield>
         <subfield code="v">Texts.</subfield>
      </datafield>
      <datafield tag="651" ind1=" " ind2="7">
         <subfield code="a">Leukos Limen.</subfield>
         <subfield code="2">pleiades</subfield>
         <subfield code="0">https://pleiades.stoa.org/places/668295</subfield>
         <subfield code="5">NyNyUAW</subfield>
      </datafield>
      <datafield tag="700" ind1="1" ind2=" ">
         <subfield code="a">Yon, Marguerite.</subfield>
      </datafield>
      <datafield tag="700" ind1="1" ind2=" ">
         <subfield code="a">Arnaud, Daniel.</subfield>
      </datafield>
      <datafield tag="700" ind1="1" ind2=" ">
         <subfield code="a">Matoïan, Valérie.</subfield>
      </datafield>
      <datafield tag="700" ind1="1" ind2=" ">
         <subfield code="a">Maqdissi, Michel.</subfield>
      </datafield>
      <datafield tag="830" ind1=" " ind2="0">
         <subfield code="a">Ras Shamra-Ougarit ;</subfield>
         <subfield code="v">14, 20, 21, 24.</subfield>
      </datafield>
      <datafield tag="OWN" ind1=" " ind2=" ">
         <subfield code="a">GENERAL</subfield>
      </datafield>
      <datafield tag="AVA" ind1=" " ind2=" ">
         <subfield code="a">NYU50</subfield>
         <subfield code="b">BOBST</subfield>
         <subfield code="c">Main Collection</subfield>
         <subfield code="d">DS99.U35 R37 1983 vol.14, etc. Oversize</subfield>
         <subfield code="e">available</subfield>
         <subfield code="t">Available</subfield>
         <subfield code="f">4</subfield>
         <subfield code="g">0</subfield>
         <subfield code="h">Y</subfield>
         <subfield code="i">8</subfield>
         <subfield code="j">MAIN</subfield>
         <subfield code="k">0</subfield>
      </datafield>
      <datafield tag="AVA" ind1=" " ind2=" ">
         <subfield code="a">NYU50</subfield>
         <subfield code="b">NISAW</subfield>
         <subfield code="c">Oversize Collection</subfield>
         <subfield code="d">DS99.U35 R37 1983 vol.14, etc. Non-circulating</subfield>
         <subfield code="e">available</subfield>
         <subfield code="t">Available</subfield>
         <subfield code="f">3</subfield>
         <subfield code="g">0</subfield>
         <subfield code="h">Y</subfield>
         <subfield code="i">0</subfield>
         <subfield code="j">OVERZ</subfield>
         <subfield code="k">0</subfield>
      </datafield>
      <marc:datafield tag="852" ind1=" " ind2=" ">
         <marc:subfield code="b">Institute for the Study of the Ancient World, </marc:subfield>
         <marc:subfield code="c">Oversize Collection</marc:subfield>
         <marc:subfield code="e">15 East 84th St., </marc:subfield>
         <marc:subfield code="e">New York, NY  10028</marc:subfield>
      </marc:datafield>
   </record>