
  
  
  
  
  
  
  
  
  
  
  
  
  
  
 
  
  <record xsi:schemaLocation="http://www.loc.gov/MARC21/slim http://www.loc.gov/standards/marcxml/schema/MARC21slim.xsd">
      <leader>00000cam a2200493Ii 4500</leader>
      <controlfield tag="FMT">BK</controlfield>
      <controlfield tag="LDR">00000cam a2200493Ii 4500</controlfield>
      <controlfield tag="001">004538239</controlfield>
      <controlfield tag="003">OCoLC</controlfield>
      <controlfield tag="005">20161207114622.0</controlfield>
      <controlfield tag="008">161207s2016    be ab    b    001 0 eng d</controlfield>
      <datafield tag="020" ind1=" " ind2=" ">
         <subfield code="a">9789042932654</subfield>
         <subfield code="q">(hd.bd.)</subfield>
      </datafield>
      <datafield tag="020" ind1=" " ind2=" ">
         <subfield code="a">9042932651</subfield>
      </datafield>
      <datafield tag="024" ind1="3" ind2=" ">
         <subfield code="a">9789042932654</subfield>
      </datafield>
      <datafield tag="035" ind1=" " ind2=" ">
         <subfield code="a">(OCoLC)959226763</subfield>
      </datafield>
      <datafield tag="040" ind1=" " ind2=" ">
         <subfield code="a">OHX</subfield>
         <subfield code="b">eng</subfield>
         <subfield code="e">rda</subfield>
         <subfield code="c">OHX</subfield>
         <subfield code="d">ERASA</subfield>
         <subfield code="d">BTCTA</subfield>
         <subfield code="d">ZYU</subfield>
      </datafield>
      <datafield tag="043" ind1=" " ind2=" ">
         <subfield code="a">a-tu---</subfield>
      </datafield>
      <datafield tag="050" ind1=" " ind2="4">
         <subfield code="a">DS155</subfield>
         <subfield code="b">.B448 2016</subfield>
      </datafield>
      <datafield tag="072" ind1=" " ind2="7">
         <subfield code="a">BL</subfield>
         <subfield code="2">lcco</subfield>
      </datafield>
      <datafield tag="079" ind1=" " ind2=" ">
         <subfield code="a">(OCoLC)959226763</subfield>
      </datafield>
      <datafield tag="082" ind1="0" ind2="4">
         <subfield code="a">938</subfield>
      </datafield>
      <datafield tag="245" ind1="0" ind2="0">
         <subfield code="a">Between Tarhuntas and Zeus Polieus :</subfield>
         <subfield code="b">cultural crossroads in the temples and cults of Graeco-Roman Anatolia /</subfield>
         <subfield code="c">edited by María-Paz de Hoz, Juan Pablo Sánchez Hernández and Carlos Molina Valero.</subfield>
      </datafield>
      <datafield tag="264" ind1=" " ind2="1">
         <subfield code="a">Leuven ;</subfield>
         <subfield code="a">Paris ;</subfield>
         <subfield code="a">Bristol, CT :</subfield>
         <subfield code="b">Peeters,</subfield>
         <subfield code="c">2016.</subfield>
      </datafield>
      <datafield tag="300" ind1=" " ind2=" ">
         <subfield code="a">xix, 255 pages :</subfield>
         <subfield code="b">illustrations (partly color), maps (partly color) ;</subfield>
         <subfield code="c">25 cm.</subfield>
      </datafield>
      <datafield tag="336" ind1=" " ind2=" ">
         <subfield code="a">text</subfield>
         <subfield code="b">txt</subfield>
         <subfield code="2">rdacontent</subfield>
      </datafield>
      <datafield tag="337" ind1=" " ind2=" ">
         <subfield code="a">unmediated</subfield>
         <subfield code="b">n</subfield>
         <subfield code="2">rdamedia</subfield>
      </datafield>
      <datafield tag="338" ind1=" " ind2=" ">
         <subfield code="a">volume</subfield>
         <subfield code="b">nc</subfield>
         <subfield code="2">rdacarrier</subfield>
      </datafield>
      <datafield tag="490" ind1="1" ind2=" ">
         <subfield code="a">Colloquia antiqua ;</subfield>
         <subfield code="v">17</subfield>
      </datafield>
      <datafield tag="504" ind1=" " ind2=" ">
         <subfield code="a">Includes bibliographical references and index.</subfield>
      </datafield>
      <datafield tag="505" ind1="0" ind2="0">
         <subfield code="t">"For Potamos, a vow" : river cults in Graeco-Roman Anatolia /</subfield>
         <subfield code="r">Robert Parker --</subfield>
         <subfield code="t">What do we know about the Letoon? A study of a sanctuary during the period of Achaemenid rule over Lycia /</subfield>
         <subfield code="r">Carlos Molina Valero --</subfield>
         <subfield code="t">Comana Pontica in Hellenistic times : a cultural crossroads /</subfield>
         <subfield code="r">Luis Ballesteros-Pastor --</subfield>
         <subfield code="t">A Carian shrine in a Hellenising world : the sanctuary of Sinuri, near Mylasa /</subfield>
         <subfield code="r">Christina G. Williamson --</subfield>
         <subfield code="t">The temple on Uzunoğlan hill in smooth Cilicia /</subfield>
         <subfield code="r">Mustafa H. Sayar --</subfield>
         <subfield code="t">Mên Askaenos and the native cults of Antioch by Pisidia /</subfield>
         <subfield code="r">Aitor Blanco-Pérez --</subfield>
         <subfield code="t">The cult of Meis Axiottenos in Lydia /</subfield>
         <subfield code="r">Marijana Ricl --</subfield>
         <subfield code="t">The cult of Apollo Syrmaios and the village of Parloai near Saittai, north-eastern Lydia /</subfield>
         <subfield code="r">Hasan Malay and Cumur Tanrıver --</subfield>
         <subfield code="t">The goddess of Sardis : Artemis, Demeter or Kore? /</subfield>
         <subfield code="r">María-Paz de Hoz --</subfield>
         <subfield code="t">Sipylene : the mother goddess of Mount Sipylus /</subfield>
         <subfield code="r">Juan Pablo Sánchez Hernández.</subfield>
      </datafield>
      <datafield tag="520" ind1="8" ind2=" ">
         <subfield code="a">Anatolia is an area of the ancient world with a remarkable borderland character between the Greek and the Near Eastern worlds. The present book studies several ancient Anatolian cults and sanctuaries, focusing on the process of interaction between local cultures, Persians, Greeks and Romans. Each specific contribution presents a case study with a thorough analysis of the available epigraphic, numismatic, literary and archaeological evidence from a linguistic, historical and religious perspective. Gathered from a vast geographical area this book explores different examples of these interactions expressed through local versions of major Greek and Anatolian deities: the Xanthian Leto, Ma of Comana, the Carian Sinuri, Mên Askaenos, Meis Axiottenos, Apollo Syrmaios, Artemis Sardiane, Meter Sipylene, a Cilician Zeus Ceraunius and the river gods.</subfield>
      </datafield>
      <datafield tag="500" ind1=" " ind2=" ">
         <subfield code="a">"This book has its origin in a research project funded by the Spanish Ministry of Science and Innovation, based at the University of Salamanca, and entitled 'Hellenic ethnicity and indigenous survival in an area of cultural frontier: Graeco-Roman Anatolia.'"--page ix.</subfield>
      </datafield>
      <datafield tag="650" ind1=" " ind2="0">
         <subfield code="a">Rites and ceremonies</subfield>
         <subfield code="z">Turkey</subfield>
         <subfield code="x">History</subfield>
         <subfield code="y">To 1500.</subfield>
      </datafield>
      <datafield tag="650" ind1=" " ind2="0">
         <subfield code="a">Hellenism.</subfield>
      </datafield>
      <datafield tag="650" ind1=" " ind2="0">
         <subfield code="a">Temples</subfield>
         <subfield code="z">Turkey.</subfield>
      </datafield>
      <datafield tag="651" ind1=" " ind2="0">
         <subfield code="a">Turkey</subfield>
         <subfield code="x">Antiquities.</subfield>
      </datafield>
      <datafield tag="700" ind1="1" ind2=" ">
         <subfield code="a">Hoz, María Paz de,</subfield>
         <subfield code="e">editor.</subfield>
      </datafield>
      <datafield tag="700" ind1="1" ind2=" ">
         <subfield code="a">Sánchez Hernández, Juan Pablo,</subfield>
         <subfield code="e">editor.</subfield>
      </datafield>
      <datafield tag="700" ind1="1" ind2=" ">
         <subfield code="a">Monlina Valero, Carlos,</subfield>
         <subfield code="e">editor.</subfield>
      </datafield>
      <datafield tag="740" ind1="0" ind2=" ">
         <subfield code="a">Hellenic ethnicity and indigenous survival in an area of cultural frontier</subfield>
      </datafield>
      <datafield tag="740" ind1="0" ind2=" ">
         <subfield code="a">Graeco-Roman Anatolia</subfield>
      </datafield>
      <datafield tag="830" ind1=" " ind2="0">
         <subfield code="a">Colloquia Antiqua (Series) ;</subfield>
         <subfield code="v">17.</subfield>
      </datafield>
      <datafield tag="994" ind1=" " ind2=" ">
         <subfield code="a">Z0</subfield>
         <subfield code="b">ZYU</subfield>
      </datafield>
      <datafield tag="OWN" ind1=" " ind2=" ">
         <subfield code="a">GENERAL</subfield>
      </datafield>
      <datafield tag="AVA" ind1=" " ind2=" ">
         <subfield code="a">NYU50</subfield>
         <subfield code="b">NISAW</subfield>
         <subfield code="c">Small Collection</subfield>
         <subfield code="d">DS155 .B448 2016 Non-circulating</subfield>
         <subfield code="e">available</subfield>
         <subfield code="t">Available</subfield>
         <subfield code="f">1</subfield>
         <subfield code="g">0</subfield>
         <subfield code="h">N</subfield>
         <subfield code="i">0</subfield>
         <subfield code="j">SMALL</subfield>
         <subfield code="k">0</subfield>
      </datafield>
      <marc:datafield tag="852" ind1=" " ind2=" ">
         <marc:subfield code="b">Institute for the Study of the Ancient World, </marc:subfield>
         <marc:subfield code="c">Small Collection</marc:subfield>
         <marc:subfield code="e">15 East 84th St., </marc:subfield>
         <marc:subfield code="e">New York, NY  10028</marc:subfield>
      </marc:datafield>
   </record>