
  
  
  
  
  
  
  
  
  
  
 
  
  <record xsi:schemaLocation="http://www.loc.gov/MARC21/slim http://www.loc.gov/standards/marcxml/schema/MARC21slim.xsd">
      <leader>00000cam a2200565 a 4500</leader>
      <controlfield tag="FMT">BK</controlfield>
      <controlfield tag="LDR">00000cam a2200565 a 4500</controlfield>
      <controlfield tag="001">002261735</controlfield>
      <controlfield tag="003">OCoLC</controlfield>
      <controlfield tag="005">20161213161355.0</controlfield>
      <controlfield tag="008">950105s1995    mdu      b    001 0 eng</controlfield>
      <datafield tag="010" ind1=" " ind2=" ">
         <subfield code="a">95000035</subfield>
      </datafield>
      <datafield tag="020" ind1=" " ind2=" ">
         <subfield code="a">1883053072</subfield>
      </datafield>
      <datafield tag="020" ind1=" " ind2=" ">
         <subfield code="a">9781883053079</subfield>
      </datafield>
      <datafield tag="035" ind1=" " ind2=" ">
         <subfield code="a">(OCoLC)31901334</subfield>
      </datafield>
      <datafield tag="040" ind1=" " ind2=" ">
         <subfield code="a">DLC</subfield>
         <subfield code="b">eng</subfield>
         <subfield code="c">DLC</subfield>
         <subfield code="d">BAKER</subfield>
         <subfield code="d">NLGGC</subfield>
         <subfield code="d">BTCTA</subfield>
         <subfield code="d">YDXCP</subfield>
         <subfield code="d">ZWZ</subfield>
         <subfield code="d">BDX</subfield>
         <subfield code="d">OCLCO</subfield>
         <subfield code="d">OCLCF</subfield>
         <subfield code="d">OCLCQ</subfield>
         <subfield code="d">ZYU</subfield>
      </datafield>
      <datafield tag="043" ind1=" " ind2=" ">
         <subfield code="a">a-iq---</subfield>
      </datafield>
      <datafield tag="050" ind1="0" ind2="0">
         <subfield code="a">DS59</subfield>
         <subfield code="b">.E35 1995</subfield>
      </datafield>
      <datafield tag="079" ind1=" " ind2=" ">
         <subfield code="a">(OCoLC)31901334</subfield>
      </datafield>
      <datafield tag="082" ind1="0" ind2="0">
         <subfield code="a">935</subfield>
         <subfield code="2">20</subfield>
      </datafield>
      <datafield tag="084" ind1=" " ind2=" ">
         <subfield code="a">15.75</subfield>
         <subfield code="2">bcl</subfield>
      </datafield>
      <datafield tag="090" ind1=" " ind2=" ">
         <subfield code="a">DS70.5.N9</subfield>
         <subfield code="b">S88 vol.7</subfield>
      </datafield>
      <datafield tag="245" ind1="0" ind2="0">
         <subfield code="a">Edith Porada memorial volume /</subfield>
         <subfield code="c">edited by David I. Owen and Gernot Wilhelm.</subfield>
      </datafield>
      <datafield tag="260" ind1=" " ind2=" ">
         <subfield code="a">Bethesda, Md. :</subfield>
         <subfield code="b">CDL Press,</subfield>
         <subfield code="c">©1995.</subfield>
      </datafield>
      <datafield tag="300" ind1=" " ind2=" ">
         <subfield code="a">x, 159 pages ;</subfield>
         <subfield code="c">27 cm.</subfield>
      </datafield>
      <datafield tag="336" ind1=" " ind2=" ">
         <subfield code="a">text</subfield>
         <subfield code="b">txt</subfield>
         <subfield code="2">rdacontent</subfield>
      </datafield>
      <datafield tag="337" ind1=" " ind2=" ">
         <subfield code="a">unmediated</subfield>
         <subfield code="b">n</subfield>
         <subfield code="2">rdamedia</subfield>
      </datafield>
      <datafield tag="338" ind1=" " ind2=" ">
         <subfield code="a">volume</subfield>
         <subfield code="b">nc</subfield>
         <subfield code="2">rdacarrier</subfield>
      </datafield>
      <datafield tag="490" ind1="1" ind2=" ">
         <subfield code="a">Studies on the civilization and culture of Nuzi and the Hurrians ;</subfield>
         <subfield code="v">v. 7</subfield>
      </datafield>
      <datafield tag="504" ind1=" " ind2=" ">
         <subfield code="a">Includes bibliographical references and index.</subfield>
      </datafield>
      <datafield tag="505" ind1="0" ind2="0">
         <subfield code="g">Part I.</subfield>
         <subfield code="t">General Studies.</subfield>
         <subfield code="t">Beiträge zum Lexikon des Hurritischen von Nuzi /</subfield>
         <subfield code="r">Jeanette Fincke --</subfield>
         <subfield code="t">Einige Joins von Nuzi-Texten des British Museum /</subfield>
         <subfield code="r">Jeanette Fincke --</subfield>
         <subfield code="t">Privative Opposition im Syllabar der hurritischen Texte aus Boğazköy /</subfield>
         <subfield code="r">Mauro Giogieri and Gernot Wilhelm --</subfield>
         <subfield code="t">A Unique Teḫip-tilla Family Document from the British Museum /</subfield>
         <subfield code="r">Maynard P. Maidman --</subfield>
         <subfield code="t">An Old Assyrian Letter from Nuzi /</subfield>
         <subfield code="r">David I. Owen --</subfield>
         <subfield code="t">Die Tenne in den Texten aus Nuzi /</subfield>
         <subfield code="r">Thomas Richter --</subfield>
         <subfield code="t">Das alttestamentliche Doppelritual 'lwt wšlmym im Horizont der hurritischen Opfertermini ambašši und keldi /</subfield>
         <subfield code="r">Daniel Schwemer --</subfield>
         <subfield code="t">Der Name der Ša(w)uška /</subfield>
         <subfield code="r">Ilse Wegner --</subfield>
         <subfield code="t">Bīt papâḫi in Nuzi /</subfield>
         <subfield code="r">Gernot Wilhelm --</subfield>
         <subfield code="t">Collations of the Wullu Archive in the Louvre /</subfield>
         <subfield code="r">Gernot Wilhelm --</subfield>
         <subfield code="t">Notes on the Mittani Letter /</subfield>
         <subfield code="r">Gernot Wilhelm, Jeanette Fincke, and Ingeborg Rösler.</subfield>
         <subfield code="g">Part II.</subfield>
         <subfield code="t">Nuzi Notes, 9-17.</subfield>
         <subfield code="t">SMN 1636 Joined to HSS 13, 340 /</subfield>
         <subfield code="r">Gernot Wilhelm --</subfield>
         <subfield code="t">SMN 1687 Joined to HSS 19, 22 /</subfield>
         <subfield code="r">Gernot Wilhelm --</subfield>
         <subfield code="t">SMN 1696 Joined to EN 9/1, 122 /</subfield>
         <subfield code="r">Gernot Wilhelm --</subfield>
         <subfield code="t">SMN 1780 Joined to EN 9/1, 18 /</subfield>
         <subfield code="r">Gernot Wilhelm --</subfield>
         <subfield code="t">SMN 2957 Joined to EN 9/1, 19 /</subfield>
         <subfield code="r">Gernot Wilhelm --</subfield>
         <subfield code="t">HSS 15, 50 Joined to HSS 15, 111 /</subfield>
         <subfield code="r">Michael Klein --</subfield>
         <subfield code="t">One Fragment from NTF M 16 A Joined to HSS 16, 370 /</subfield>
         <subfield code="r">Michael Klein --</subfield>
         <subfield code="t">Identifikationen von ERL-Nummern /</subfield>
         <subfield code="r">Gernot Wilhelm --</subfield>
         <subfield code="t">urištu (ein Teil der Kriegerausrüstung) /</subfield>
         <subfield code="r">Gernot Wilhelm.</subfield>
      </datafield>
      <datafield tag="651" ind1=" " ind2="0">
         <subfield code="a">Nuzi (Extinct city)</subfield>
         <subfield code="x">Civilization.</subfield>
      </datafield>
      <datafield tag="650" ind1=" " ind2="0">
         <subfield code="a">Hurrians.</subfield>
      </datafield>
      <datafield tag="650" ind1=" " ind2="0">
         <subfield code="a">Hurrian language</subfield>
         <subfield code="v">Texts.</subfield>
      </datafield>
      <datafield tag="650" ind1=" " ind2="7">
         <subfield code="a">Civilization.</subfield>
         <subfield code="2">fast</subfield>
         <subfield code="0">(OCoLC)fst00862898</subfield>
      </datafield>
      <datafield tag="650" ind1=" " ind2="7">
         <subfield code="a">Hurrian language.</subfield>
         <subfield code="2">fast</subfield>
         <subfield code="0">(OCoLC)fst00964304</subfield>
      </datafield>
      <datafield tag="650" ind1=" " ind2="7">
         <subfield code="a">Hurrians.</subfield>
         <subfield code="2">fast</subfield>
         <subfield code="0">(OCoLC)fst00964305</subfield>
      </datafield>
      <datafield tag="651" ind1=" " ind2="7">
         <subfield code="a">Iraq</subfield>
         <subfield code="z">Nuzi (Extinct city)</subfield>
         <subfield code="2">fast</subfield>
         <subfield code="0">(OCoLC)fst01896900</subfield>
      </datafield>
      <datafield tag="650" ind1=" " ind2="7">
         <subfield code="a">Hourrite (langue)</subfield>
         <subfield code="x">Textes.</subfield>
         <subfield code="2">ram</subfield>
      </datafield>
      <datafield tag="650" ind1=" " ind2="7">
         <subfield code="a">Hourrites.</subfield>
         <subfield code="2">ram</subfield>
      </datafield>
      <datafield tag="651" ind1=" " ind2="7">
         <subfield code="a">Nuzi (ville ancienne)</subfield>
         <subfield code="x">Civilisation.</subfield>
         <subfield code="2">ram</subfield>
      </datafield>
      <datafield tag="655" ind1=" " ind2="7">
         <subfield code="a">Texts.</subfield>
         <subfield code="2">fast</subfield>
         <subfield code="0">(OCoLC)fst01423705</subfield>
      </datafield>
      <datafield tag="700" ind1="1" ind2=" ">
         <subfield code="a">Owen, David I.</subfield>
      </datafield>
      <datafield tag="700" ind1="1" ind2=" ">
         <subfield code="a">Wilhelm, Gernot.</subfield>
      </datafield>
      <datafield tag="776" ind1="0" ind2="8">
         <subfield code="i">Online version:</subfield>
         <subfield code="t">Edith Porada memorial volume.</subfield>
         <subfield code="d">Bethesda, Md. : CDL Press, ©1995</subfield>
         <subfield code="w">(OCoLC)604768660</subfield>
      </datafield>
      <datafield tag="830" ind1=" " ind2="0">
         <subfield code="a">Studies on the civilization and culture of Nuzi and the Hurrians ;</subfield>
         <subfield code="v">v. 7.</subfield>
      </datafield>
      <datafield tag="OWN" ind1=" " ind2=" ">
         <subfield code="a">GENERAL</subfield>
      </datafield>
      <datafield tag="AVA" ind1=" " ind2=" ">
         <subfield code="a">NYU50</subfield>
         <subfield code="b">BOBST</subfield>
         <subfield code="c">Main Collection</subfield>
         <subfield code="d">DS59 .E35 1995</subfield>
         <subfield code="e">unavailable</subfield>
         <subfield code="t">Unavailable</subfield>
         <subfield code="f">1</subfield>
         <subfield code="g">1</subfield>
         <subfield code="h">N</subfield>
         <subfield code="i">0</subfield>
         <subfield code="j">MAIN</subfield>
         <subfield code="k">0</subfield>
      </datafield>
      <datafield tag="AVA" ind1=" " ind2=" ">
         <subfield code="a">NYU50</subfield>
         <subfield code="b">NIFA</subfield>
         <subfield code="c">Main Collection</subfield>
         <subfield code="d">DS59 .E35 1995 Non-circulating</subfield>
         <subfield code="e">unavailable</subfield>
         <subfield code="t">Unavailable</subfield>
         <subfield code="f">1</subfield>
         <subfield code="g">1</subfield>
         <subfield code="h">N</subfield>
         <subfield code="i">0</subfield>
         <subfield code="j">MAIN</subfield>
         <subfield code="k">0</subfield>
      </datafield>
      <datafield tag="AVA" ind1=" " ind2=" ">
         <subfield code="a">NYU50</subfield>
         <subfield code="b">NISAW</subfield>
         <subfield code="c">Small Collection</subfield>
         <subfield code="d">DS70.5.N9 S88 vol.7 1995 Non-circulating</subfield>
         <subfield code="e">available</subfield>
         <subfield code="t">Available</subfield>
         <subfield code="f">1</subfield>
         <subfield code="g">0</subfield>
         <subfield code="h">N</subfield>
         <subfield code="i">0</subfield>
         <subfield code="j">SMALL</subfield>
         <subfield code="k">0</subfield>
      </datafield>
      <marc:datafield tag="852" ind1=" " ind2=" ">
         <marc:subfield code="b">Institute for the Study of the Ancient World, </marc:subfield>
         <marc:subfield code="c">Small Collection</marc:subfield>
         <marc:subfield code="e">15 East 84th St., </marc:subfield>
         <marc:subfield code="e">New York, NY  10028</marc:subfield>
      </marc:datafield>
   </record>