
  
  
  
  
  
  
  
  
  
  
 
  
  <record xsi:schemaLocation="http://www.loc.gov/MARC21/slim http://www.loc.gov/standards/marcxml/schema/MARC21slim.xsd">
      <leader>00000cam a2200265 a 4500</leader>
      <controlfield tag="FMT">BK</controlfield>
      <controlfield tag="LDR">00000cam a2200265 a 4500</controlfield>
      <controlfield tag="001">002633487</controlfield>
      <controlfield tag="003">NNU</controlfield>
      <controlfield tag="005">20161212165059.0</controlfield>
      <controlfield tag="008">830117s1982    enkabf   b    000 0 eng d</controlfield>
      <datafield tag="020" ind1=" " ind2=" ">
         <subfield code="a">0856681377</subfield>
      </datafield>
      <datafield tag="035" ind1="9" ind2=" ">
         <subfield code="a">NYUb10317844</subfield>
      </datafield>
      <datafield tag="035" ind1=" " ind2=" ">
         <subfield code="a">GLIS003178442</subfield>
      </datafield>
      <datafield tag="035" ind1=" " ind2=" ">
         <subfield code="a">(CStRLIN)NYUG83-B1436</subfield>
      </datafield>
      <datafield tag="040" ind1=" " ind2=" ">
         <subfield code="a">NNC</subfield>
         <subfield code="c">NNC</subfield>
         <subfield code="d">NNU</subfield>
      </datafield>
      <datafield tag="043" ind1=" " ind2=" ">
         <subfield code="a">aw------</subfield>
         <subfield code="a">a-is---</subfield>
         <subfield code="a">awba---</subfield>
         <subfield code="a">awgz---</subfield>
      </datafield>
      <datafield tag="079" ind1=" " ind2=" ">
         <subfield code="a">(OCoLC)9123024</subfield>
      </datafield>
      <datafield tag="090" ind1=" " ind2=" ">
         <subfield code="a">DS111</subfield>
         <subfield code="b">.S7313 1982</subfield>
         <subfield code="i">05/25/83 CT</subfield>
         <subfield code="h">05/02/83 CT</subfield>
         <subfield code="h">02/04/83 CT</subfield>
      </datafield>
      <datafield tag="100" ind1="1" ind2=" ">
         <subfield code="a">Stern, Ephraim,</subfield>
         <subfield code="d">1934-</subfield>
      </datafield>
      <datafield tag="240" ind1="1" ind2="0">
         <subfield code="a">Tarbut ha-ḥomrit shel Erets-Yiśraʼel ba-teḳufah ha-Parsit, 538-332 lif. s. ha-N.</subfield>
         <subfield code="l">English</subfield>
      </datafield>
      <datafield tag="245" ind1="1" ind2="0">
         <subfield code="a">Material culture of the land of the Bible in the Persian period, 538-332 B.C. /</subfield>
         <subfield code="c">Ephraim Stern.</subfield>
      </datafield>
      <datafield tag="260" ind1=" " ind2=" ">
         <subfield code="a">Warminster, Wiltshire, England :</subfield>
         <subfield code="b">Aris &amp; Phillips,</subfield>
         <subfield code="c">c1982.</subfield>
      </datafield>
      <datafield tag="300" ind1=" " ind2=" ">
         <subfield code="a">xix, 287 p., [1] folded leaf of plates :</subfield>
         <subfield code="b">ill., maps ;</subfield>
         <subfield code="c">30 cm.</subfield>
      </datafield>
      <datafield tag="500" ind1=" " ind2=" ">
         <subfield code="a">ISAW copy is from the Library of David I. Owen.</subfield>
         <subfield code="5">NyNyUAW</subfield>
      </datafield>
      <datafield tag="504" ind1=" " ind2=" ">
         <subfield code="a">Includes bibliographical references.</subfield>
      </datafield>
      <datafield tag="651" ind1=" " ind2="0">
         <subfield code="a">Palestine</subfield>
         <subfield code="x">Antiquities.</subfield>
      </datafield>
      <datafield tag="651" ind1=" " ind2="0">
         <subfield code="a">Palestine</subfield>
         <subfield code="x">History</subfield>
         <subfield code="y">To 70 A.D.</subfield>
      </datafield>
      <datafield tag="650" ind1=" " ind2="0">
         <subfield code="a">Material culture</subfield>
         <subfield code="z">Palestine.</subfield>
      </datafield>
      <datafield tag="700" ind1="1" ind2=" ">
         <subfield code="a">Owen, David I.,</subfield>
         <subfield code="e">former owner.</subfield>
         <subfield code="5">NyNyUAW</subfield>
      </datafield>
      <datafield tag="740" ind1="0" ind2=" ">
         <subfield code="a">Owen Collection.</subfield>
         <subfield code="5">NyNyUAW</subfield>
      </datafield>
      <datafield tag="OWN" ind1=" " ind2=" ">
         <subfield code="a">GENERAL</subfield>
      </datafield>
      <datafield tag="950" ind1=" " ind2=" ">
         <subfield code="l">BStack</subfield>
         <subfield code="a">DS111</subfield>
         <subfield code="b">.S7313 1982</subfield>
         <subfield code="d">\+\</subfield>
         <subfield code="i">05/25/83 C</subfield>
         <subfield code="h">05/02/83 C</subfield>
      </datafield>
      <datafield tag="950" ind1=" " ind2=" ">
         <subfield code="l">FStack</subfield>
         <subfield code="a">DS117</subfield>
         <subfield code="b">.S7413 1982</subfield>
         <subfield code="h">02/04/83 C</subfield>
      </datafield>
      <datafield tag="AVA" ind1=" " ind2=" ">
         <subfield code="a">NYU50</subfield>
         <subfield code="b">BOBST</subfield>
         <subfield code="c">Main Collection</subfield>
         <subfield code="d">DS117 .S7413 1982 Oversize</subfield>
         <subfield code="e">available</subfield>
         <subfield code="t">Available</subfield>
         <subfield code="f">1</subfield>
         <subfield code="g">0</subfield>
         <subfield code="h">N</subfield>
         <subfield code="i">3</subfield>
         <subfield code="j">MAIN</subfield>
         <subfield code="k">0</subfield>
      </datafield>
      <datafield tag="AVA" ind1=" " ind2=" ">
         <subfield code="a">NYU50</subfield>
         <subfield code="b">NIFA</subfield>
         <subfield code="c">Main Collection</subfield>
         <subfield code="d">DS117 .S7413 1982 Non-circulating</subfield>
         <subfield code="e">available</subfield>
         <subfield code="t">Available</subfield>
         <subfield code="f">1</subfield>
         <subfield code="g">0</subfield>
         <subfield code="h">N</subfield>
         <subfield code="i">0</subfield>
         <subfield code="j">MAIN</subfield>
         <subfield code="k">0</subfield>
      </datafield>
      <datafield tag="AVA" ind1=" " ind2=" ">
         <subfield code="a">NYU50</subfield>
         <subfield code="b">NISAW</subfield>
         <subfield code="c">Oversize Collection</subfield>
         <subfield code="d">DS111 .S7313 1982 Non-circulating</subfield>
         <subfield code="e">available</subfield>
         <subfield code="t">Available</subfield>
         <subfield code="f">1</subfield>
         <subfield code="g">0</subfield>
         <subfield code="h">N</subfield>
         <subfield code="i">0</subfield>
         <subfield code="j">OVERZ</subfield>
         <subfield code="k">0</subfield>
      </datafield>
      <marc:datafield tag="852" ind1=" " ind2=" ">
         <marc:subfield code="b">Institute for the Study of the Ancient World, </marc:subfield>
         <marc:subfield code="c">Oversize Collection</marc:subfield>
         <marc:subfield code="e">15 East 84th St., </marc:subfield>
         <marc:subfield code="e">New York, NY  10028</marc:subfield>
      </marc:datafield>
   </record>