
  
  
  
  
  
  
  
  
  
  
 
  
  <record xsi:schemaLocation="http://www.loc.gov/MARC21/slim http://www.loc.gov/standards/marcxml/schema/MARC21slim.xsd">
      <leader>00000cam a22     Ii 4500</leader>
      <controlfield tag="FMT">BK</controlfield>
      <controlfield tag="LDR">00000cam a22     Ii 4500</controlfield>
      <controlfield tag="001">004539528</controlfield>
      <controlfield tag="005">20161212161433.0</controlfield>
      <controlfield tag="008">161212s2016    sz a     b    010 0dfre d</controlfield>
      <datafield tag="035" ind1=" " ind2=" ">
         <subfield code="a">(OCoLC)961474767</subfield>
      </datafield>
      <datafield tag="040" ind1=" " ind2=" ">
         <subfield code="a">EYM</subfield>
         <subfield code="b">eng</subfield>
         <subfield code="e">rda</subfield>
         <subfield code="c">EYM</subfield>
         <subfield code="d">OCLCO</subfield>
         <subfield code="d">ZYU</subfield>
      </datafield>
      <datafield tag="041" ind1="0" ind2=" ">
         <subfield code="a">eng</subfield>
         <subfield code="e">fre</subfield>
         <subfield code="e">ger</subfield>
      </datafield>
      <datafield tag="043" ind1=" " ind2=" ">
         <subfield code="a">a-ir---</subfield>
      </datafield>
      <datafield tag="050" ind1=" " ind2="4">
         <subfield code="a">DS266</subfield>
         <subfield code="b">.D466 2016</subfield>
      </datafield>
      <datafield tag="079" ind1=" " ind2=" ">
         <subfield code="a">(OCoLC)961474767</subfield>
      </datafield>
      <datafield tag="245" ind1="0" ind2="0">
         <subfield code="a">Des contrées avestiques à Mahabad, via Bisotun :</subfield>
         <subfield code="b">études offertes en hommage à Pierre Lecoq /</subfield>
         <subfield code="c">réunies par Céline Redard.</subfield>
      </datafield>
      <datafield tag="264" ind1=" " ind2="1">
         <subfield code="a">Neuchâtel :</subfield>
         <subfield code="b">Recherches et Publications,</subfield>
         <subfield code="c">2016.</subfield>
      </datafield>
      <datafield tag="300" ind1=" " ind2=" ">
         <subfield code="a">xix, 289 pages :</subfield>
         <subfield code="b">illustrations ;</subfield>
         <subfield code="c">24 cm</subfield>
      </datafield>
      <datafield tag="336" ind1=" " ind2=" ">
         <subfield code="a">text</subfield>
         <subfield code="b">txt</subfield>
         <subfield code="2">rdacontent</subfield>
      </datafield>
      <datafield tag="337" ind1=" " ind2=" ">
         <subfield code="a">unmediated</subfield>
         <subfield code="b">n</subfield>
         <subfield code="2">rdamedia</subfield>
      </datafield>
      <datafield tag="338" ind1=" " ind2=" ">
         <subfield code="a">volume</subfield>
         <subfield code="b">nc</subfield>
         <subfield code="2">rdacarrier</subfield>
      </datafield>
      <datafield tag="490" ind1="1" ind2=" ">
         <subfield code="a">Civilisations Du Proche-Orient Série III. Religion et Culture</subfield>
         <subfield code="v">2</subfield>
      </datafield>
      <datafield tag="546" ind1=" " ind2=" ">
         <subfield code="a">Articles in English, French, or German; abstracts in English and French or German.</subfield>
      </datafield>
      <datafield tag="504" ind1=" " ind2=" ">
         <subfield code="a">Includes bibliographical references.</subfield>
      </datafield>
      <datafield tag="505" ind1="0" ind2="0">
         <subfield code="t">Pour saluer Pierre Lecoq /</subfield>
         <subfield code="r">Gilbert Lazard --</subfield>
         <subfield code="t">Zur altpersischen Grammatik und Inschriftenkunde /</subfield>
         <subfield code="r">Rudiger Schmitt --</subfield>
         <subfield code="t">Considérations sur le § 14 de DB et sur Āyadana-/ANzí-ia-an ANna-ap-pan-na É.˹MEŠ˺ šá DINGIR.MEŠ /</subfield>
         <subfield code="r">Adriano V. Rossi --</subfield>
         <subfield code="t">Goat-Skins, Horses and Camels: How did Darius’ Army Cross the Tigris? /</subfield>
         <subfield code="r">Ela Filippone --</subfield>
         <subfield code="t">À propos de parayadām et paradis perse : perpléxité de l’archéologue et perspectives /</subfield>
         <subfield code="r">Rémy Boucharlat --</subfield>
         <subfield code="t">Tales of Translation : Leroy Waterman, Biblical Studies, and an Achaemenid Royal-Name Alabastron from Seleucia /</subfield>
         <subfield code="r">Margaret Cool Root --</subfield>
         <subfield code="t">À propos de quelques noms iraniens dans les inscriptions lyciennes /</subfield>
         <subfield code="r">Jan Tavernier --</subfield>
         <subfield code="t">Ariyāramna, the Pious Lord /</subfield>
         <subfield code="r">Georges-Jean Pinault --</subfield>
         <subfield code="t">Le rejeton des eaux /</subfield>
         <subfield code="r">Jean Haudry --</subfield>
         <subfield code="t">Le Yasna Haptaŋhāiti entre deux existences /</subfield>
         <subfield code="r">Philippe Swennen --</subfield>
         <subfield code="t">Stratégies du Mihr Yašt /</subfield>
         <subfield code="r">Jean Kellens --</subfield>
         <subfield code="t">Later Avestan maɣauua– (?) and the (Mis)Adventures of a ‘Pseudo-Ascetic’ /</subfield>
         <subfield code="r">Antonio Panaino --</subfield>
         <subfield code="t">Le fragment Westergaard 10 /</subfield>
         <subfield code="r">Céline Redard --</subfield>
         <subfield code="t">The Amǝša Spǝṇtas and Their Helpers: The Zoroastrian ham-kārs /</subfield>
         <subfield code="r">Enrico Raffaelli --</subfield>
         <subfield code="t">Noeud d’Héraclès, noeuds lunaires et sceaux sassanides /</subfield>
         <subfield code="r">Rika Gyselen --</subfield>
         <subfield code="t">L’emploi de mar … rā chez Firdausī: simple raison métrique ou cause linguistique? /</subfield>
         <subfield code="r">Agnès Lenepveu-Hotz --</subfield>
         <subfield code="t">Kurdistān, Le journal de la République de Mahabad (1946) /</subfield>
         <subfield code="r">Halkawt Hakem.</subfield>
      </datafield>
      <datafield tag="600" ind1="1" ind2="0">
         <subfield code="a">Lecoq, Pierre.</subfield>
      </datafield>
      <datafield tag="630" ind1="0" ind2="0">
         <subfield code="a">Avesta.</subfield>
      </datafield>
      <datafield tag="651" ind1=" " ind2="0">
         <subfield code="a">Iran</subfield>
         <subfield code="x">Civilization.</subfield>
      </datafield>
      <datafield tag="650" ind1=" " ind2="0">
         <subfield code="a">Avestan language.</subfield>
      </datafield>
      <datafield tag="650" ind1=" " ind2="0">
         <subfield code="a">Zoroastrianism.</subfield>
      </datafield>
      <datafield tag="700" ind1="1" ind2=" ">
         <subfield code="a">Lecoq, Pierre,</subfield>
         <subfield code="e">honoree.</subfield>
      </datafield>
      <datafield tag="700" ind1="1" ind2=" ">
         <subfield code="a">Redard, Ćeline,</subfield>
         <subfield code="e">editor.</subfield>
      </datafield>
      <datafield tag="830" ind1=" " ind2="0">
         <subfield code="a">Civilisations du Proche-Orient.</subfield>
         <subfield code="n">Serie III,</subfield>
         <subfield code="p">Religions et culture ;</subfield>
         <subfield code="v">2.</subfield>
         <subfield code="x">1660-1297</subfield>
      </datafield>
      <datafield tag="OWN" ind1=" " ind2=" ">
         <subfield code="a">GENERAL</subfield>
      </datafield>
      <datafield tag="AVA" ind1=" " ind2=" ">
         <subfield code="a">NYU50</subfield>
         <subfield code="b">NISAW</subfield>
         <subfield code="c">Small Collection</subfield>
         <subfield code="d">DS266 .D466 2016 Non-circulating</subfield>
         <subfield code="e">available</subfield>
         <subfield code="t">Available</subfield>
         <subfield code="f">1</subfield>
         <subfield code="g">0</subfield>
         <subfield code="h">N</subfield>
         <subfield code="i">0</subfield>
         <subfield code="j">SMALL</subfield>
         <subfield code="k">0</subfield>
      </datafield>
      <marc:datafield tag="852" ind1=" " ind2=" ">
         <marc:subfield code="b">Institute for the Study of the Ancient World, </marc:subfield>
         <marc:subfield code="c">Small Collection</marc:subfield>
         <marc:subfield code="e">15 East 84th St., </marc:subfield>
         <marc:subfield code="e">New York, NY  10028</marc:subfield>
      </marc:datafield>
   </record>