
  
  
  
  
  
  
  
  
  
  
  
 
  
  <record xsi:schemaLocation="http://www.loc.gov/MARC21/slim http://www.loc.gov/standards/marcxml/schema/MARC21slim.xsd">
      <leader>00000cam a2200481Ii 4500</leader>
      <controlfield tag="FMT">BK</controlfield>
      <controlfield tag="LDR">00000cam a2200481Ii 4500</controlfield>
      <controlfield tag="001">004539508</controlfield>
      <controlfield tag="003">OCoLC</controlfield>
      <controlfield tag="005">20161213154959.0</controlfield>
      <controlfield tag="008">161007t20162016be a     b    101 0 eng d</controlfield>
      <datafield tag="020" ind1=" " ind2=" ">
         <subfield code="a">9789042932517</subfield>
      </datafield>
      <datafield tag="020" ind1=" " ind2=" ">
         <subfield code="a">9042932511</subfield>
      </datafield>
      <datafield tag="024" ind1="3" ind2=" ">
         <subfield code="a">9789042932517</subfield>
      </datafield>
      <datafield tag="035" ind1=" " ind2=" ">
         <subfield code="a">(OCoLC)960461225</subfield>
         <subfield code="z">(OCoLC)959226550</subfield>
      </datafield>
      <datafield tag="040" ind1=" " ind2=" ">
         <subfield code="a">ERASA</subfield>
         <subfield code="b">eng</subfield>
         <subfield code="e">rda</subfield>
         <subfield code="c">ERASA</subfield>
         <subfield code="d">QGJ</subfield>
         <subfield code="d">OHX</subfield>
         <subfield code="d">BTCTA</subfield>
         <subfield code="d">MZA</subfield>
         <subfield code="d">ZYU</subfield>
      </datafield>
      <datafield tag="050" ind1=" " ind2="4">
         <subfield code="a">GT3170</subfield>
         <subfield code="b">.D555 2016</subfield>
      </datafield>
      <datafield tag="079" ind1=" " ind2=" ">
         <subfield code="a">(OCoLC)960461225</subfield>
      </datafield>
      <datafield tag="082" ind1="0" ind2="4">
         <subfield code="a">938</subfield>
      </datafield>
      <datafield tag="245" ind1="0" ind2="0">
         <subfield code="a">Dining and death :</subfield>
         <subfield code="b">interdisciplinary perspectives on the 'Funerary Banquet' in ancient art, burial and belief /</subfield>
         <subfield code="c">edited by Catherine M. Draycott and Maria Stamatopoulou.</subfield>
      </datafield>
      <datafield tag="264" ind1=" " ind2="1">
         <subfield code="a">Leuven :</subfield>
         <subfield code="b">Peeters,</subfield>
         <subfield code="c">2016.</subfield>
      </datafield>
      <datafield tag="264" ind1=" " ind2="4">
         <subfield code="c">©2016</subfield>
      </datafield>
      <datafield tag="300" ind1=" " ind2=" ">
         <subfield code="a">xxxi, 690 pages :</subfield>
         <subfield code="b">illustrations ;</subfield>
         <subfield code="c">25 cm.</subfield>
      </datafield>
      <datafield tag="336" ind1=" " ind2=" ">
         <subfield code="a">text</subfield>
         <subfield code="b">txt</subfield>
         <subfield code="2">rdacontent</subfield>
      </datafield>
      <datafield tag="336" ind1=" " ind2=" ">
         <subfield code="a">still image</subfield>
         <subfield code="b">sti</subfield>
         <subfield code="2">rdacontent</subfield>
      </datafield>
      <datafield tag="337" ind1=" " ind2=" ">
         <subfield code="a">unmediated</subfield>
         <subfield code="b">n</subfield>
         <subfield code="2">rdamedia</subfield>
      </datafield>
      <datafield tag="338" ind1=" " ind2=" ">
         <subfield code="a">volume</subfield>
         <subfield code="b">nc</subfield>
         <subfield code="2">rdacarrier</subfield>
      </datafield>
      <datafield tag="490" ind1="1" ind2=" ">
         <subfield code="a">Colloquia Antiqua ;</subfield>
         <subfield code="v">16</subfield>
      </datafield>
      <datafield tag="505" ind1="0" ind2="0">
         <subfield code="g">Introduction:</subfield>
         <subfield code="t">What Lies Beyond? /</subfield>
         <subfield code="r">C.M. Draycott --</subfield>
         <subfield code="t">Hellenistic Funerary Banquet Reliefs : Thoughts on Problems Old and New /</subfield>
         <subfield code="r">J. Fabricius --</subfield>
         <subfield code="t">"Banquet and Grave" : The Material Basis, Aims and First Results of a Recent Research Project /</subfield>
         <subfield code="r">P. Amann --</subfield>
         <subfield code="t">Meals for the Dead : The Image of the Deceased Seated Before a Table of Offerings in Ancient Egyptian Art /</subfield>
         <subfield code="r">G. Robins --</subfield>
         <subfield code="t">The Eighteenth Dynasty Egyptian Banquet : Ideals and Realities /</subfield>
         <subfield code="r">N. Harrington --</subfield>
         <subfield code="t">Syro-Hittite Funerary Monuments Revisited /</subfield>
         <subfield code="r">D. Bonatz --</subfield>
         <subfield code="t">Burial Klinai and Totenmahl? /</subfield>
         <subfield code="r">E. Baughan --</subfield>
         <subfield code="t">Drinking to Death : The Totenmahl, Drinking culture and Funerary Representation in Late Archaic and Achaemenid Western Anatolia /</subfield>
         <subfield code="r">C.M. Draycott --</subfield>
         <subfield code="t">Family Matters : The Interpretation of Lycian "Funerary Banquet" Reliefs /</subfield>
         <subfield code="r">S. Lockwood --</subfield>
         <subfield code="t">Bridging the Boundary : The Sacrificial Deposit of the Maussolleion of Halicarnassus and Its Symbolic Language /</subfield>
         <subfield code="r">A.M. Carstens --</subfield>
         <subfield code="t">Testimonia on Funerary Banquets in Ancient Sparta /</subfield>
         <subfield code="r">M. Tsouli --</subfield>
         <subfield code="t">The Totenmahl Motif in Votive Reliefs of Classical Athens /</subfield>
         <subfield code="r">C. Lawton --</subfield>
         <subfield code="t">The Banquet Motif on the Funerary Stelai from Demetrias /</subfield>
         <subfield code="r">M. Stamatopoulou --</subfield>
         <subfield code="t">The Theme of the Banqueter on Hellenistic Macedonian Tombstones /</subfield>
         <subfield code="r">M. Kalaitzi --</subfield>
         <subfield code="t">The Banquet in Etruscan Funerary Art and Its Underlying Meaning /</subfield>
         <subfield code="r">T. Mitterlechner --</subfield>
         <subfield code="t">The Banquet in Palmyrene Funerary Contexts /</subfield>
         <subfield code="r">L. Audley-Miller --</subfield>
         <subfield code="t">Reading the Image? Ambiguities in the Interpretation of Banquet Scenes on Grave Stelai from Roman Thrace /</subfield>
         <subfield code="r">A. Slawisch --</subfield>
         <subfield code="t">At Table : Reading and Misreading Funerary Images of Banquets in Early China /</subfield>
         <subfield code="r">M. Nylan --</subfield>
         <subfield code="t">Envoi /</subfield>
         <subfield code="r">O. Murray.</subfield>
      </datafield>
      <datafield tag="520" ind1="8" ind2=" ">
         <subfield code="a">This book brings together papers covering a wide range of regions and periods, from Italy to China, and Old Kingdom Egypt to the Roman Empire, all focusing on the interpretation of banqueting imagery in funerary contexts. The papers largely concentrate on pictorial depictions of banqueting and/or food offerings and how they might be understood in such settings, although some papers consider tomb deposits and furnishings. Traditionally, three main interpretative paradigms have been employed in 'deciphering' such images: 1) they represent wordly activities, either quotidien or idealised, 2) they represent an imagined pleasant afterlife (and therefore evidence this belief) and 3) they represent funerary or mortuary rites. Such interpretations have been challenged by scholarship that refutes the validity of these strict, divisive categories, but in concentrating on social structures embedded in the images, has tended to eschew potential eschatological aspects of meaning. Collectively, the papers here reconsider this matter, making significant contributions to discussions of ambiguity, agency, interaction, performance, the issue of 'meaning', and the various ways in which images can be approached and used.</subfield>
      </datafield>
      <datafield tag="504" ind1=" " ind2=" ">
         <subfield code="a">Includes bibliographical references and index.</subfield>
      </datafield>
      <datafield tag="650" ind1=" " ind2="0">
         <subfield code="a">Funeral rites and ceremonies, Ancient</subfield>
         <subfield code="v">Congresses.</subfield>
      </datafield>
      <datafield tag="650" ind1=" " ind2="0">
         <subfield code="a">Funeral rites and ceremonies in art</subfield>
         <subfield code="v">Congresses.</subfield>
      </datafield>
      <datafield tag="650" ind1=" " ind2="0">
         <subfield code="a">Dinners and dining in art</subfield>
         <subfield code="v">Congresses.</subfield>
      </datafield>
      <datafield tag="650" ind1=" " ind2="0">
         <subfield code="a">Dinners and dining</subfield>
         <subfield code="x">History</subfield>
         <subfield code="y">To 1500</subfield>
         <subfield code="v">Congresses.</subfield>
      </datafield>
      <datafield tag="650" ind1=" " ind2="0">
         <subfield code="a">Dinners and dining</subfield>
         <subfield code="x">Religious aspects</subfield>
         <subfield code="v">Congresses.</subfield>
      </datafield>
      <datafield tag="700" ind1="1" ind2=" ">
         <subfield code="a">Draycott, Catherine M.</subfield>
         <subfield code="q">(Catherine Mary),</subfield>
         <subfield code="d">1970-</subfield>
         <subfield code="e">editor.</subfield>
      </datafield>
      <datafield tag="700" ind1="1" ind2=" ">
         <subfield code="a">Stamatopoulou, Maria,</subfield>
         <subfield code="e">editor.</subfield>
      </datafield>
      <datafield tag="830" ind1=" " ind2="0">
         <subfield code="a">Colloquia Antiqua (Series) ;</subfield>
         <subfield code="v">16.</subfield>
      </datafield>
      <datafield tag="994" ind1=" " ind2=" ">
         <subfield code="a">Z0</subfield>
         <subfield code="b">ZYU</subfield>
      </datafield>
      <datafield tag="OWN" ind1=" " ind2=" ">
         <subfield code="a">GENERAL</subfield>
      </datafield>
      <datafield tag="AVA" ind1=" " ind2=" ">
         <subfield code="a">NYU50</subfield>
         <subfield code="b">NISAW</subfield>
         <subfield code="c">Small Collection</subfield>
         <subfield code="d">GT3170 .D555 2016 Non-circulating</subfield>
         <subfield code="e">available</subfield>
         <subfield code="t">Available</subfield>
         <subfield code="f">1</subfield>
         <subfield code="g">0</subfield>
         <subfield code="h">N</subfield>
         <subfield code="i">0</subfield>
         <subfield code="j">SMALL</subfield>
         <subfield code="k">0</subfield>
      </datafield>
      <marc:datafield tag="852" ind1=" " ind2=" ">
         <marc:subfield code="b">Institute for the Study of the Ancient World, </marc:subfield>
         <marc:subfield code="c">Small Collection</marc:subfield>
         <marc:subfield code="e">15 East 84th St., </marc:subfield>
         <marc:subfield code="e">New York, NY  10028</marc:subfield>
      </marc:datafield>
   </record>