
  
  
  
  
  
  
  
  
  
  
  
 
  
  <record xsi:schemaLocation="http://www.loc.gov/MARC21/slim http://www.loc.gov/standards/marcxml/schema/MARC21slim.xsd">
      <leader>00000nam a2200349Ii 4500</leader>
      <controlfield tag="FMT">BK</controlfield>
      <controlfield tag="LDR">00000nam a2200349Ii 4500</controlfield>
      <controlfield tag="001">004539733</controlfield>
      <controlfield tag="003">OCoLC</controlfield>
      <controlfield tag="005">20161213103441.0</controlfield>
      <controlfield tag="008">161213s2016    maua     b    000 0 eng d</controlfield>
      <datafield tag="035" ind1=" " ind2=" ">
         <subfield code="a">(OCoLC)965829060</subfield>
      </datafield>
      <datafield tag="040" ind1=" " ind2=" ">
         <subfield code="a">ZYU</subfield>
         <subfield code="c">ZYU</subfield>
      </datafield>
      <datafield tag="050" ind1=" " ind2="4">
         <subfield code="a">PA67</subfield>
         <subfield code="b">.W53 2016</subfield>
      </datafield>
      <datafield tag="079" ind1=" " ind2=" ">
         <subfield code="a">(OCoLC)965829060</subfield>
      </datafield>
      <datafield tag="245" ind1="0" ind2="0">
         <subfield code="a">What's new about the old /</subfield>
         <subfield code="c">Matthew S. Santirocco, guest editor.</subfield>
      </datafield>
      <datafield tag="264" ind1=" " ind2="1">
         <subfield code="a">Cambridge, MA :</subfield>
         <subfield code="b">The MIT Press,</subfield>
         <subfield code="c">[2016]</subfield>
      </datafield>
      <datafield tag="264" ind1=" " ind2="4">
         <subfield code="c">© 2016</subfield>
      </datafield>
      <datafield tag="300" ind1=" " ind2=" ">
         <subfield code="a">133 pages :</subfield>
         <subfield code="b">illustrations ;</subfield>
         <subfield code="c">26 cm</subfield>
      </datafield>
      <datafield tag="336" ind1=" " ind2=" ">
         <subfield code="a">text</subfield>
         <subfield code="b">txt</subfield>
         <subfield code="2">rdacontent</subfield>
      </datafield>
      <datafield tag="337" ind1=" " ind2=" ">
         <subfield code="a">unmediated</subfield>
         <subfield code="b">n</subfield>
         <subfield code="2">rdamedia</subfield>
      </datafield>
      <datafield tag="338" ind1=" " ind2=" ">
         <subfield code="a">volume</subfield>
         <subfield code="b">nc</subfield>
         <subfield code="2">rdacarrier</subfield>
      </datafield>
      <datafield tag="490" ind1="1" ind2=" ">
         <subfield code="a">Dædalus,</subfield>
         <subfield code="x">0011-5266 ;</subfield>
         <subfield code="v">volume 145, number 2 (spring 2016)</subfield>
      </datafield>
      <datafield tag="500" ind1=" " ind2=" ">
         <subfield code="a">Special issue of Daedalus.</subfield>
      </datafield>
      <datafield tag="500" ind1=" " ind2=" ">
         <subfield code="a">Title from cover.</subfield>
      </datafield>
      <datafield tag="504" ind1=" " ind2=" ">
         <subfield code="a">Contains bibliographical references.</subfield>
      </datafield>
      <datafield tag="505" ind1="0" ind2="0">
         <subfield code="g">Introduction:</subfield>
         <subfield code="t">Reassessing Greece &amp; Rome /</subfield>
         <subfield code="r">Matthew S. Santirocco --</subfield>
         <subfield code="t">Tragedy in the crosshairs of the present /</subfield>
         <subfield code="r">Brooke Holmes --</subfield>
         <subfield code="t">Roman literature : translation, metaphor &amp; empire /</subfield>
         <subfield code="r">Shadi Bartsch --</subfield>
         <subfield code="t">Reception studies : the cultural mobility of classics /</subfield>
         <subfield code="r">Emily Greenwood --</subfield>
         <subfield code="t">On translating Homer's Iliad /</subfield>
         <subfield code="r">Caroline Alexander --</subfield>
         <subfield code="t">Philosophy &amp; its classical past /</subfield>
         <subfield code="r">Phillip Mitsis --</subfield>
         <subfield code="t">The matter of classical art history /</subfield>
         <subfield code="r">Verity Platt --</subfield>
         <subfield code="t">Materializing ancient documents /</subfield>
         <subfield code="r">Roger S. Bagnall --</subfield>
         <subfield code="t">Memory, commemoration &amp; identity in an ancient city /</subfield>
         <subfield code="r">Angelos Chaniotis --</subfield>
         <subfield code="t">The environmental fall of the Roman Empire /</subfield>
         <subfield code="r">Kyle Harper --</subfield>
         <subfield code="t">What is ancient history? /</subfield>
         <subfield code="r">Ian Morris &amp; Walter Scheidel --</subfield>
         <subfield code="t">Classics : curriculum &amp; profession /</subfield>
         <subfield code="r">Peter T. Struck --</subfield>
         <subfield code="t">Greco-Roman studies in a digital age /</subfield>
         <subfield code="r">Gregory Crane --</subfield>
         <subfield code="t">The new "Brothers poem" by Sappho /</subfield>
         <subfield code="r">Rachel Hadas --</subfield>
         <subfield code="t">Explicating Catullus /</subfield>
         <subfield code="r">Michael C.J. Putnam --</subfield>
         <subfield code="t">The scientific study of antiquity /</subfield>
         <subfield code="r">Malcolm H. Wiener.</subfield>
      </datafield>
      <datafield tag="650" ind1=" " ind2="0">
         <subfield code="a">Civilization, Classical</subfield>
         <subfield code="x">Influence.</subfield>
      </datafield>
      <datafield tag="650" ind1=" " ind2="0">
         <subfield code="a">Civilization, Classical</subfield>
         <subfield code="x">Study and teaching.</subfield>
      </datafield>
      <datafield tag="650" ind1=" " ind2="0">
         <subfield code="a">Classical literature</subfield>
         <subfield code="x">Influence.</subfield>
      </datafield>
      <datafield tag="650" ind1=" " ind2="0">
         <subfield code="a">Classical literature</subfield>
         <subfield code="x">Study and teaching.</subfield>
      </datafield>
      <datafield tag="700" ind1="1" ind2=" ">
         <subfield code="a">Santirocco, Matthew S.,</subfield>
         <subfield code="d">1950-</subfield>
         <subfield code="e">editor.</subfield>
      </datafield>
      <datafield tag="830" ind1=" " ind2="0">
         <subfield code="a">Daedalus (Boston, Mass.) ;</subfield>
         <subfield code="v">volume 145, number 2 (spring 2016)</subfield>
      </datafield>
      <datafield tag="994" ind1=" " ind2=" ">
         <subfield code="a">Z0</subfield>
         <subfield code="b">ZYU</subfield>
      </datafield>
      <datafield tag="OWN" ind1=" " ind2=" ">
         <subfield code="a">GENERAL</subfield>
      </datafield>
      <datafield tag="AVA" ind1=" " ind2=" ">
         <subfield code="a">NYU50</subfield>
         <subfield code="b">NISAW</subfield>
         <subfield code="c">Small Collection</subfield>
         <subfield code="d">PA67 .W53 2016 Non-circulating</subfield>
         <subfield code="e">available</subfield>
         <subfield code="t">Available</subfield>
         <subfield code="f">1</subfield>
         <subfield code="g">0</subfield>
         <subfield code="h">N</subfield>
         <subfield code="i">0</subfield>
         <subfield code="j">SMALL</subfield>
         <subfield code="k">0</subfield>
      </datafield>
      <marc:datafield tag="852" ind1=" " ind2=" ">
         <marc:subfield code="b">Institute for the Study of the Ancient World, </marc:subfield>
         <marc:subfield code="c">Small Collection</marc:subfield>
         <marc:subfield code="e">15 East 84th St., </marc:subfield>
         <marc:subfield code="e">New York, NY  10028</marc:subfield>
      </marc:datafield>
   </record>