
  
  
  
  
  
  
  
  
  
 
  
  <record xsi:schemaLocation="http://www.loc.gov/MARC21/slim http://www.loc.gov/standards/marcxml/schema/MARC21slim.xsd">
      <leader>00000nam a2200397 a 4500</leader>
      <controlfield tag="FMT">BK</controlfield>
      <controlfield tag="LDR">00000nam a2200397 a 4500</controlfield>
      <controlfield tag="001">001271432</controlfield>
      <controlfield tag="003">NNU</controlfield>
      <controlfield tag="005">20161213111813.0</controlfield>
      <controlfield tag="008">970626m19959999gw af    b    000 0 ger d</controlfield>
      <datafield tag="020" ind1=" " ind2=" ">
         <subfield code="a">3447036850</subfield>
         <subfield code="q">(Bd. 1)</subfield>
      </datafield>
      <datafield tag="020" ind1=" " ind2=" ">
         <subfield code="a">3447036869</subfield>
         <subfield code="q">(Bd. 2)</subfield>
      </datafield>
      <datafield tag="020" ind1=" " ind2=" ">
         <subfield code="a">3447038438</subfield>
         <subfield code="q">(Bd. 3)</subfield>
      </datafield>
      <datafield tag="020" ind1=" " ind2=" ">
         <subfield code="a">9783447039529</subfield>
         <subfield code="q">(Bd. 6)</subfield>
      </datafield>
      <datafield tag="020" ind1=" " ind2=" ">
         <subfield code="a">9783447039505</subfield>
         <subfield code="q">(Bd. 7)</subfield>
      </datafield>
      <datafield tag="020" ind1=" " ind2=" ">
         <subfield code="a">9783447052986</subfield>
         <subfield code="q">(Bd. 8)</subfield>
      </datafield>
      <datafield tag="020" ind1=" " ind2=" ">
         <subfield code="a">9783447053761</subfield>
         <subfield code="q">(Bd. 9)</subfield>
      </datafield>
      <datafield tag="020" ind1=" " ind2=" ">
         <subfield code="a">9783447058759</subfield>
         <subfield code="q">(Bd. 10)</subfield>
      </datafield>
      <datafield tag="020" ind1=" " ind2=" ">
         <subfield code="a">9783447058100</subfield>
         <subfield code="q">(Bd. 11)</subfield>
      </datafield>
      <datafield tag="020" ind1=" " ind2=" ">
         <subfield code="a">9783447064620</subfield>
         <subfield code="q">(Bd. 12)</subfield>
      </datafield>
      <datafield tag="020" ind1=" " ind2=" ">
         <subfield code="a">9783447064606</subfield>
         <subfield code="q">(Bd. 13)</subfield>
      </datafield>
      <datafield tag="020" ind1=" " ind2=" ">
         <subfield code="a">9783447104265</subfield>
         <subfield code="q">(Bd. 14)</subfield>
      </datafield>
      <datafield tag="035" ind1="9" ind2=" ">
         <subfield code="a">NYUb11654695</subfield>
      </datafield>
      <datafield tag="035" ind1=" " ind2=" ">
         <subfield code="a">(OCoLC)ocm37242889</subfield>
      </datafield>
      <datafield tag="040" ind1=" " ind2=" ">
         <subfield code="a">PUL</subfield>
         <subfield code="c">PUL</subfield>
         <subfield code="d">NNU</subfield>
      </datafield>
      <datafield tag="041" ind1="0" ind2=" ">
         <subfield code="a">ger</subfield>
         <subfield code="a">egy</subfield>
      </datafield>
      <datafield tag="043" ind1=" " ind2=" ">
         <subfield code="a">f-ua---</subfield>
      </datafield>
      <datafield tag="050" ind1=" " ind2="4">
         <subfield code="a">PJ1555</subfield>
         <subfield code="b">.A3 1995</subfield>
      </datafield>
      <datafield tag="079" ind1=" " ind2=" ">
         <subfield code="a">(OCoLC)37242889</subfield>
      </datafield>
      <datafield tag="130" ind1="0" ind2=" ">
         <subfield code="a">Book of the dead.</subfield>
      </datafield>
      <datafield tag="245" ind1="1" ind2="0">
         <subfield code="a">Handschriften des Altägyptischen Totenbuches /</subfield>
         <subfield code="c">herausgegeben von Ursula Rössler-Köhler und Heinz-Josef Thissen.</subfield>
      </datafield>
      <datafield tag="260" ind1=" " ind2=" ">
         <subfield code="a">Wiesbaden :</subfield>
         <subfield code="b">Harrosowitz,</subfield>
         <subfield code="c">1995-</subfield>
      </datafield>
      <datafield tag="300" ind1=" " ind2=" ">
         <subfield code="a">v. :</subfield>
         <subfield code="b">ill. ;</subfield>
         <subfield code="c">34 cm.</subfield>
      </datafield>
      <datafield tag="490" ind1="1" ind2=" ">
         <subfield code="a">Ägyptische Abhandlungen,</subfield>
         <subfield code="x">0568-0476 ;</subfield>
         <subfield code="v">Bd. 54</subfield>
      </datafield>
      <datafield tag="500" ind1=" " ind2=" ">
         <subfield code="a">Bd. 3 lacks series statement.</subfield>
      </datafield>
      <datafield tag="500" ind1=" " ind2=" ">
         <subfield code="a">Bds. 7 and 11 include CD-ROMs.</subfield>
      </datafield>
      <datafield tag="504" ind1=" " ind2=" ">
         <subfield code="a">Includes bibliographical references.</subfield>
      </datafield>
      <datafield tag="505" ind1="1" ind2="0">
         <subfield code="g">Bd. 1.</subfield>
         <subfield code="t">Das Totenbuch des Jah-mes (pLouvre E. 11085) aus der frühen 18. Dynastie /</subfield>
         <subfield code="r">Irmtraut Munro --</subfield>
         <subfield code="g">Bd. 2.</subfield>
         <subfield code="t">Totenbuch des Bak-su (pKM 1970.37/pBrocklehurst) aus der Zeit Amenophis' II. /</subfield>
         <subfield code="r">Irmtraut Munro --</subfield>
         <subfield code="g">Bd. 3.</subfield>
         <subfield code="t">Totenbuch-Papyrus des Hohenpriesters Pa-nedjem II. (pLondon BM 10793/pCampbell) /</subfield>
         <subfield code="r">Irmtraut Munro ; mit einem Beitrag von Ursula Rössler-Köhler --</subfield>
         <subfield code="g">Bd. 4.</subfield>
         <subfield code="t">Totenbuch des Nacht-Amun aus der Ramessidenzeit (pBerlin P. 3002) /</subfield>
         <subfield code="r">Irmtraut Munro --</subfield>
         <subfield code="g">Bd. 5.</subfield>
         <subfield code="t">Totenbuch des Monthpriesters Nespasefy aus der Zeit Psammetichs I.: pKairo JE 95714 + pAlbany 1900.3.1, pKairo JE 95649, pMarseille 91/2/1 (ehem. Slg. Brunner) + pMarseille 291 /</subfield>
         <subfield code="r">Ursula Verhoeven --</subfield>
         <subfield code="g">Bd. 6.</subfield>
         <subfield code="t">Totenbuch pBerlin P. 10477 aus Achmim (mit Photographien des verwandten pHildesheim 5248) /</subfield>
         <subfield code="r">Barbara Lüscher ; mit Beiträgen von Ursula Rössler-Köhler und Maria-Theresia Derchain-Urtel --</subfield>
         <subfield code="g">Bd. 7.</subfield>
         <subfield code="t">Totenbuch des Pa-en-nesti-taui aus der Regierungszeit des Amenemope (pLondon BM 10064) /</subfield>
         <subfield code="r">Irmtraut Munro --</subfield>
         <subfield code="g">Bd. 8.</subfield>
         <subfield code="t">Totenbuch der Qeqa aus der Ptolemäerzeit (pBerlin P. 3003) /</subfield>
         <subfield code="r">Martin von Falck --</subfield>
         <subfield code="g">Bd. 9.</subfield>
         <subfield code="t">Totenbuch-Papyrus des Hor aus der frühen Ptolemäerzeit (pCologny Bodmer-Stiftung CV + pCincinnati Art Museum 1947.369 + pDenver Art Museum 1954.61) /</subfield>
         <subfield code="r">Irmtraut Munro --</subfield>
         <subfield code="g">Bd. 11.</subfield>
         <subfield code="t">Drei Totenpapyri aus einer thebanischen Werkstatt der Spätzeit (pBerlin P. 3158, pBerlin P. 3159, pAberdeen ABDUA 84023) /</subfield>
         <subfield code="r">Burkhard Backes --</subfield>
         <subfield code="g">Bd. 12.</subfield>
         <subfield code="t">Die Totenbuch-Papyri des Ehepaars Ta-scheret-en-Aset und Djed-chi aus der Bes-en-Mut-Familie :(26. Dynastie, Zeit des Königs Amasis) /</subfield>
         <subfield code="r">Irmtraut Munro --</subfield>
      </datafield>
      <datafield tag="505" ind1="8" ind2="0">
         <subfield code="g">Bd. 13.</subfield>
         <subfield code="t">Das Ende der Totenbuchtradition und der Übergang zum Buch vom Atmen : die Totenbücher des Monthemhat (pTübingen2012) und der Tanedjmet (pLouvre N 3085) /</subfield>
         <subfield code="r">Susanne Töpfer und Marcus Müller-Roth --</subfield>
         <subfield code="g">Bd. 14.</subfield>
         <subfield code="t">The golden book of the dead of Amenemhet (pToronto ROM 910.85.236.1-13) /</subfield>
         <subfield code="r">Irmtraut Munro</subfield>
      </datafield>
      <datafield tag="546" ind1=" " ind2=" ">
         <subfield code="a">Texts in Hieroglyphic or Hieratic Egyptian; prefatory matter and commentary in German.</subfield>
      </datafield>
      <datafield tag="650" ind1=" " ind2="0">
         <subfield code="a">Egyptian language</subfield>
         <subfield code="x">Papyri</subfield>
         <subfield code="v">Facsimiles.</subfield>
      </datafield>
      <datafield tag="650" ind1=" " ind2="0">
         <subfield code="a">Egyptian language</subfield>
         <subfield code="v">Papyri, Hieroglyphic.</subfield>
      </datafield>
      <datafield tag="650" ind1=" " ind2="0">
         <subfield code="a">Egyptian language</subfield>
         <subfield code="v">Papyri, Hieratic.</subfield>
      </datafield>
      <datafield tag="650" ind1=" " ind2="0">
         <subfield code="a">Egyptian language</subfield>
         <subfield code="x">Writing, Hieroglyphic.</subfield>
      </datafield>
      <datafield tag="650" ind1=" " ind2="0">
         <subfield code="a">Egyptian language</subfield>
         <subfield code="x">Writing, Hieratic.</subfield>
      </datafield>
      <datafield tag="650" ind1=" " ind2="0">
         <subfield code="a">Mythology, Egyptian.</subfield>
      </datafield>
      <datafield tag="650" ind1=" " ind2="0">
         <subfield code="a">Incantations, Egyptian.</subfield>
      </datafield>
      <datafield tag="650" ind1=" " ind2="0">
         <subfield code="a">Future life.</subfield>
      </datafield>
      <datafield tag="650" ind1=" " ind2="0">
         <subfield code="a">Manuscripts (Papyri)</subfield>
      </datafield>
      <datafield tag="630" ind1="0" ind2="0">
         <subfield code="a">Book of the dead</subfield>
         <subfield code="v">Commentaries.</subfield>
      </datafield>
      <datafield tag="700" ind1="1" ind2=" ">
         <subfield code="a">Rössler-Köhler, Ursula.</subfield>
      </datafield>
      <datafield tag="700" ind1="1" ind2=" ">
         <subfield code="a">Thissen, Heinz-Josef.</subfield>
      </datafield>
      <datafield tag="700" ind1="1" ind2=" ">
         <subfield code="a">Munro, Irmtraut.</subfield>
      </datafield>
      <datafield tag="700" ind1="1" ind2=" ">
         <subfield code="a">Töpfer, Susanne.</subfield>
      </datafield>
      <datafield tag="700" ind1="1" ind2=" ">
         <subfield code="a">Müller-Roth, Marcus.</subfield>
      </datafield>
      <datafield tag="830" ind1=" " ind2="0">
         <subfield code="a">Ägyptische Abhandlungen ;</subfield>
         <subfield code="v">Bd. 54.</subfield>
      </datafield>
      <datafield tag="LKR" ind1=" " ind2=" ">
         <subfield code="a">ITM</subfield>
         <subfield code="b">3384511</subfield>
         <subfield code="l">NYU50</subfield>
         <subfield code="v">11</subfield>
      </datafield>
      <datafield tag="LKR" ind1=" " ind2=" ">
         <subfield code="a">ITM</subfield>
         <subfield code="b">3474966</subfield>
         <subfield code="l">NYU50</subfield>
         <subfield code="v">12</subfield>
      </datafield>
      <datafield tag="LKR" ind1=" " ind2=" ">
         <subfield code="a">ITM</subfield>
         <subfield code="b">4539743</subfield>
         <subfield code="l">NYU50</subfield>
         <subfield code="v">13</subfield>
      </datafield>
      <datafield tag="OWN" ind1=" " ind2=" ">
         <subfield code="a">GENERAL</subfield>
      </datafield>
      <datafield tag="AVA" ind1=" " ind2=" ">
         <subfield code="a">NYU50</subfield>
         <subfield code="b">BOBST</subfield>
         <subfield code="c">Main Collection</subfield>
         <subfield code="d">PJ1555 .A3 1995 Oversize</subfield>
         <subfield code="e">available</subfield>
         <subfield code="t">Available</subfield>
         <subfield code="f">4</subfield>
         <subfield code="g">0</subfield>
         <subfield code="h">Y</subfield>
         <subfield code="i">0</subfield>
         <subfield code="j">MAIN</subfield>
         <subfield code="k">0</subfield>
      </datafield>
      <datafield tag="AVA" ind1=" " ind2=" ">
         <subfield code="a">NYU50</subfield>
         <subfield code="b">NISAW</subfield>
         <subfield code="c">Oversize Collection</subfield>
         <subfield code="d">PJ1555 .A3 1995 Non-circulating</subfield>
         <subfield code="e">available</subfield>
         <subfield code="t">Available</subfield>
         <subfield code="f">12</subfield>
         <subfield code="g">0</subfield>
         <subfield code="h">Y</subfield>
         <subfield code="i">0</subfield>
         <subfield code="j">OVERZ</subfield>
         <subfield code="k">0</subfield>
      </datafield>
      <marc:datafield tag="852" ind1=" " ind2=" ">
         <marc:subfield code="b">Institute for the Study of the Ancient World, </marc:subfield>
         <marc:subfield code="c">Oversize Collection</marc:subfield>
         <marc:subfield code="e">15 East 84th St., </marc:subfield>
         <marc:subfield code="e">New York, NY  10028</marc:subfield>
      </marc:datafield>
   </record>