
  
  
  
  
  
  
  
  
  
 
  
  <record xsi:schemaLocation="http://www.loc.gov/MARC21/slim http://www.loc.gov/standards/marcxml/schema/MARC21slim.xsd">
      <leader>00000cam a2200841 a 4500</leader>
      <controlfield tag="FMT">BK</controlfield>
      <controlfield tag="LDR">00000cam a2200841 a 4500</controlfield>
      <controlfield tag="001">002608596</controlfield>
      <controlfield tag="003">OCoLC</controlfield>
      <controlfield tag="005">20161214143241.0</controlfield>
      <controlfield tag="008">810713s1980    kyuabf   b    001 0 eng</controlfield>
      <datafield tag="010" ind1=" " ind2=" ">
         <subfield code="a">77080463</subfield>
      </datafield>
      <datafield tag="020" ind1=" " ind2=" ">
         <subfield code="a">9630518864</subfield>
         <subfield code="q">(Akadémiai Kiadó)</subfield>
      </datafield>
      <datafield tag="020" ind1=" " ind2=" ">
         <subfield code="a">9789630518864</subfield>
         <subfield code="q">(Akadémiai Kiadó)</subfield>
      </datafield>
      <datafield tag="020" ind1=" " ind2=" ">
         <subfield code="a">0813113709</subfield>
      </datafield>
      <datafield tag="020" ind1=" " ind2=" ">
         <subfield code="a">9780813113708</subfield>
      </datafield>
      <datafield tag="035" ind1=" " ind2=" ">
         <subfield code="a">(OCoLC)7620867</subfield>
         <subfield code="z">(OCoLC)59907862</subfield>
         <subfield code="z">(OCoLC)499874011</subfield>
         <subfield code="z">(OCoLC)962522554</subfield>
      </datafield>
      <datafield tag="040" ind1=" " ind2=" ">
         <subfield code="a">DLC</subfield>
         <subfield code="b">eng</subfield>
         <subfield code="c">DLC</subfield>
         <subfield code="d">NLGGC</subfield>
         <subfield code="d">BTCTA</subfield>
         <subfield code="d">UKV3G</subfield>
         <subfield code="d">GEBAY</subfield>
         <subfield code="d">PBE</subfield>
         <subfield code="d">BDX</subfield>
         <subfield code="d">GBVCP</subfield>
         <subfield code="d">VLR</subfield>
         <subfield code="d">OCLCQ</subfield>
         <subfield code="d">OCLCO</subfield>
         <subfield code="d">OCLCQ</subfield>
         <subfield code="d">DEBBG</subfield>
         <subfield code="d">OCLCF</subfield>
         <subfield code="d">ZYU</subfield>
      </datafield>
      <datafield tag="043" ind1=" " ind2=" ">
         <subfield code="a">e-hu---</subfield>
         <subfield code="a">e-au---</subfield>
         <subfield code="a">e-yu---</subfield>
      </datafield>
      <datafield tag="050" ind1="0" ind2="0">
         <subfield code="a">DG59.P2</subfield>
         <subfield code="b">A73 1980</subfield>
      </datafield>
      <datafield tag="079" ind1=" " ind2=" ">
         <subfield code="a">(OCoLC)7620867</subfield>
      </datafield>
      <datafield tag="082" ind1="0" ind2="0">
         <subfield code="a">939/.8</subfield>
         <subfield code="2">19</subfield>
      </datafield>
      <datafield tag="084" ind1=" " ind2=" ">
         <subfield code="a">15.34</subfield>
         <subfield code="2">bcl</subfield>
      </datafield>
      <datafield tag="084" ind1=" " ind2=" ">
         <subfield code="a">LF 1375</subfield>
         <subfield code="2">rvk</subfield>
      </datafield>
      <datafield tag="084" ind1=" " ind2=" ">
         <subfield code="a">6,11</subfield>
         <subfield code="2">ssgn</subfield>
      </datafield>
      <datafield tag="084" ind1=" " ind2=" ">
         <subfield code="a">6,12</subfield>
         <subfield code="2">ssgn</subfield>
      </datafield>
      <datafield tag="084" ind1=" " ind2=" ">
         <subfield code="a">NF 8210</subfield>
         <subfield code="2">rvk</subfield>
      </datafield>
      <datafield tag="084" ind1=" " ind2=" ">
         <subfield code="a">NH 7820</subfield>
         <subfield code="2">rvk</subfield>
      </datafield>
      <datafield tag="090" ind1=" " ind2=" ">
         <subfield code="a">DG59.P2</subfield>
         <subfield code="b">A73 1980</subfield>
         <subfield code="i">02/04/82 CT</subfield>
      </datafield>
      <datafield tag="245" ind1="0" ind2="4">
         <subfield code="a">The archaeology of Roman Pannonia /</subfield>
         <subfield code="c">A. Lengyel and G.T.B. Radan, editors ; contributors, László Barkóczi ... et al.</subfield>
      </datafield>
      <datafield tag="260" ind1=" " ind2=" ">
         <subfield code="a">Lexington, Ky. :</subfield>
         <subfield code="b">University Press of Kentucky ;</subfield>
         <subfield code="a">Budapest :</subfield>
         <subfield code="b">Akadémiai Kiadó,</subfield>
         <subfield code="c">©1980.</subfield>
      </datafield>
      <datafield tag="300" ind1=" " ind2=" ">
         <subfield code="a">506 pages, clxvii pages of plates :</subfield>
         <subfield code="b">illustrations, maps ;</subfield>
         <subfield code="c">25 cm</subfield>
      </datafield>
      <datafield tag="336" ind1=" " ind2=" ">
         <subfield code="a">text</subfield>
         <subfield code="b">txt</subfield>
         <subfield code="2">rdacontent</subfield>
      </datafield>
      <datafield tag="337" ind1=" " ind2=" ">
         <subfield code="a">unmediated</subfield>
         <subfield code="b">n</subfield>
         <subfield code="2">rdamedia</subfield>
      </datafield>
      <datafield tag="338" ind1=" " ind2=" ">
         <subfield code="a">volume</subfield>
         <subfield code="b">nc</subfield>
         <subfield code="2">rdacarrier</subfield>
      </datafield>
      <datafield tag="500" ind1=" " ind2=" ">
         <subfield code="a">ISAW copy is from the Library of David I. Owen.</subfield>
         <subfield code="5">NyNyUAW</subfield>
      </datafield>
      <datafield tag="500" ind1=" " ind2=" ">
         <subfield code="a">One folded map in pocket.</subfield>
      </datafield>
      <datafield tag="504" ind1=" " ind2=" ">
         <subfield code="a">Includes bibliographical references and index.</subfield>
      </datafield>
      <datafield tag="505" ind1="0" ind2="0">
         <subfield code="t">Pannonia research in Hungary /</subfield>
         <subfield code="r">Ferenc Fülep --</subfield>
         <subfield code="t">Geography of Pannonia /</subfield>
         <subfield code="r">Sándor Soproni --</subfield>
         <subfield code="t">Pannonia before the Roman conquest /</subfield>
         <subfield code="r">Otto Trogmayer --</subfield>
         <subfield code="t">History of Pannonia /</subfield>
         <subfield code="r">László Barkóczi --</subfield>
         <subfield code="t">Administration and army /</subfield>
         <subfield code="r">Jenő Fitz --</subfield>
         <subfield code="t">Population /</subfield>
         <subfield code="r">Jenő Fitz --</subfield>
         <subfield code="t">The way of life /</subfield>
         <subfield code="r">Jenő Fitz --</subfield>
         <subfield code="t">Religion /</subfield>
         <subfield code="r">Edit B. Thomas --</subfield>
         <subfield code="t">Roads /</subfield>
         <subfield code="r">Sándor Soproni --</subfield>
         <subfield code="t">Limes /</subfield>
         <subfield code="r">Sándor Soproni --</subfield>
         <subfield code="t">Pannonian cities /</subfield>
         <subfield code="r">Klára Pózcy --</subfield>
         <subfield code="t">Villa settlements /</subfield>
         <subfield code="r">Edit B. Thomas --</subfield>
         <subfield code="t">Economic life /</subfield>
         <subfield code="r">Jenő Fitz --</subfield>
         <subfield code="t">Currency /</subfield>
         <subfield code="r">Katalin Bíró-Sey --</subfield>
         <subfield code="t">Arts and crafts /</subfield>
         <subfield code="r">Edit B. Thomas --</subfield>
         <subfield code="t">Pottery /</subfield>
         <subfield code="r">Éva B. Bónis --</subfield>
         <subfield code="t">Glassware /</subfield>
         <subfield code="r">Edit B. Thomas --</subfield>
         <subfield code="t">Armor /</subfield>
         <subfield code="r">Edit B. Thomas --</subfield>
         <subfield code="t">Pannonia : fifth to ninth centuries /</subfield>
         <subfield code="r">Ágnes Salamon and Ágnes Cs. Sós --</subfield>
         <subfield code="g">Appendix.</subfield>
         <subfield code="t">New methods and results in paleoanthropology employed in Pannonian research /</subfield>
         <subfield code="r">Imre Lengyel --</subfield>
         <subfield code="t">Laboratory analyses of fossil bones /</subfield>
         <subfield code="r">Imre Lengyel --</subfield>
         <subfield code="t">Recent pottery analysis /</subfield>
         <subfield code="r">György Duma --</subfield>
         <subfield code="t">Phosphate tests used in Pannonian research /</subfield>
         <subfield code="r">György Duma --</subfield>
         <subfield code="t">Chronological table /</subfield>
         <subfield code="r">Alfonz Lengyel.</subfield>
      </datafield>
      <datafield tag="651" ind1=" " ind2="0">
         <subfield code="a">Pannonia</subfield>
         <subfield code="x">Antiquities, Roman.</subfield>
      </datafield>
      <datafield tag="650" ind1=" " ind2="0">
         <subfield code="a">Romans</subfield>
         <subfield code="z">Pannonia.</subfield>
      </datafield>
      <datafield tag="650" ind1=" " ind2="0">
         <subfield code="a">Romans</subfield>
         <subfield code="z">Hungary.</subfield>
      </datafield>
      <datafield tag="651" ind1=" " ind2="0">
         <subfield code="a">Pannonia</subfield>
         <subfield code="x">Antiquities.</subfield>
      </datafield>
      <datafield tag="650" ind1=" " ind2="0">
         <subfield code="a">Excavations (Archaeology)</subfield>
         <subfield code="z">Pannonia.</subfield>
      </datafield>
      <datafield tag="651" ind1=" " ind2="4">
         <subfield code="a">Pannonia - Antiquities.</subfield>
      </datafield>
      <datafield tag="650" ind1=" " ind2="7">
         <subfield code="a">Antiquities.</subfield>
         <subfield code="2">fast</subfield>
         <subfield code="0">(OCoLC)fst00810745</subfield>
      </datafield>
      <datafield tag="650" ind1=" " ind2="7">
         <subfield code="a">Classical antiquities.</subfield>
         <subfield code="2">fast</subfield>
         <subfield code="0">(OCoLC)fst00863445</subfield>
      </datafield>
      <datafield tag="650" ind1=" " ind2="7">
         <subfield code="a">Romans.</subfield>
         <subfield code="2">fast</subfield>
         <subfield code="0">(OCoLC)fst01100116</subfield>
      </datafield>
      <datafield tag="651" ind1=" " ind2="7">
         <subfield code="a">Europe</subfield>
         <subfield code="z">Pannonia.</subfield>
         <subfield code="2">fast</subfield>
         <subfield code="0">(OCoLC)fst01214672</subfield>
      </datafield>
      <datafield tag="651" ind1=" " ind2="7">
         <subfield code="a">Hungary.</subfield>
         <subfield code="2">fast</subfield>
         <subfield code="0">(OCoLC)fst01205132</subfield>
      </datafield>
      <datafield tag="653" ind1=" " ind2="0">
         <subfield code="a">Pannonia</subfield>
         <subfield code="a">Antiquities, Roman.</subfield>
      </datafield>
      <datafield tag="653" ind1=" " ind2="0">
         <subfield code="a">Romans</subfield>
         <subfield code="a">Hungary.</subfield>
      </datafield>
      <datafield tag="653" ind1=" " ind2="0">
         <subfield code="a">Romans</subfield>
         <subfield code="a">Pannonia.</subfield>
      </datafield>
      <datafield tag="700" ind1="1" ind2=" ">
         <subfield code="a">Owen, David I.,</subfield>
         <subfield code="e">former owner.</subfield>
         <subfield code="5">NyNyUAW</subfield>
      </datafield>
      <datafield tag="740" ind1="0" ind2=" ">
         <subfield code="a">Owen Collection.</subfield>
         <subfield code="5">NyNyUAW</subfield>
      </datafield>
      <datafield tag="700" ind1="1" ind2=" ">
         <subfield code="a">Lengyel, Alfonz.</subfield>
      </datafield>
      <datafield tag="700" ind1="1" ind2=" ">
         <subfield code="a">Radan, George T.</subfield>
      </datafield>
      <datafield tag="776" ind1="0" ind2="8">
         <subfield code="i">Online version:</subfield>
         <subfield code="t">Archaeology of Roman Pannonia.</subfield>
         <subfield code="d">Lexington, Ky. : University Press of Kentucky ; Budapest : Akadémiai Kiadó, ©1980</subfield>
         <subfield code="w">(OCoLC)558428616</subfield>
      </datafield>
      <datafield tag="776" ind1="0" ind2="8">
         <subfield code="i">Online version:</subfield>
         <subfield code="t">Archaeology of Roman Pannonia.</subfield>
         <subfield code="d">Lexington, Ky. : University Press of Kentucky ; Budapest : Akadémiai Kiadó, ©1980</subfield>
         <subfield code="w">(OCoLC)608163982</subfield>
      </datafield>
      <datafield tag="856" ind1=" " ind2=" ">
         <subfield code="u">http://bvbr.bib-bvb.de:8991/F?func=service&amp;doc_library=BVB01&amp;local_base=BVB01&amp;doc_number=000598042&amp;line_number=0001&amp;func_code=DB_RECORDS&amp;service_type=MEDIA</subfield>
         <subfield code="z">Inhaltsverzeichnis</subfield>
      </datafield>
      <datafield tag="OWN" ind1=" " ind2=" ">
         <subfield code="a">GENERAL</subfield>
      </datafield>
      <datafield tag="950" ind1=" " ind2=" ">
         <subfield code="l">BStack</subfield>
         <subfield code="a">DG59.P2</subfield>
         <subfield code="b">A73</subfield>
         <subfield code="i">02/04/82 C</subfield>
      </datafield>
      <datafield tag="AVA" ind1=" " ind2=" ">
         <subfield code="a">NYU50</subfield>
         <subfield code="b">BOBST</subfield>
         <subfield code="c">Main Collection</subfield>
         <subfield code="d">DG59.P2 A73</subfield>
         <subfield code="e">unavailable</subfield>
         <subfield code="t">Unavailable</subfield>
         <subfield code="f">1</subfield>
         <subfield code="g">1</subfield>
         <subfield code="h">N</subfield>
         <subfield code="i">0</subfield>
         <subfield code="j">MAIN</subfield>
         <subfield code="k">0</subfield>
      </datafield>
      <datafield tag="AVA" ind1=" " ind2=" ">
         <subfield code="a">NYU50</subfield>
         <subfield code="b">NIFA</subfield>
         <subfield code="c">Main Collection</subfield>
         <subfield code="d">DG59.P2 A73 Non-circulating</subfield>
         <subfield code="e">unavailable</subfield>
         <subfield code="t">Unavailable</subfield>
         <subfield code="f">1</subfield>
         <subfield code="g">1</subfield>
         <subfield code="h">N</subfield>
         <subfield code="i">2</subfield>
         <subfield code="j">MAIN</subfield>
         <subfield code="k">0</subfield>
      </datafield>
      <datafield tag="AVA" ind1=" " ind2=" ">
         <subfield code="a">NYU50</subfield>
         <subfield code="b">NISAW</subfield>
         <subfield code="c">Small Collection</subfield>
         <subfield code="d">DG59.P2 A73 1980 Non-circulating</subfield>
         <subfield code="e">available</subfield>
         <subfield code="t">Available</subfield>
         <subfield code="f">1</subfield>
         <subfield code="g">0</subfield>
         <subfield code="h">N</subfield>
         <subfield code="i">0</subfield>
         <subfield code="j">SMALL</subfield>
         <subfield code="k">0</subfield>
      </datafield>
      <marc:datafield tag="852" ind1=" " ind2=" ">
         <marc:subfield code="b">Institute for the Study of the Ancient World, </marc:subfield>
         <marc:subfield code="c">Small Collection</marc:subfield>
         <marc:subfield code="e">15 East 84th St., </marc:subfield>
         <marc:subfield code="e">New York, NY  10028</marc:subfield>
      </marc:datafield>
   </record>