
  
  
  
  
  
  
  
  
 
  
  <record xsi:schemaLocation="http://www.loc.gov/MARC21/slim http://www.loc.gov/standards/marcxml/schema/MARC21slim.xsd">
      <leader>00000cam a2200385 a 4500</leader>
      <controlfield tag="FMT">BK</controlfield>
      <controlfield tag="LDR">00000cam a2200385 a 4500</controlfield>
      <controlfield tag="001">004540134</controlfield>
      <controlfield tag="003">OCoLC</controlfield>
      <controlfield tag="005">20161215115036.0</controlfield>
      <controlfield tag="008">161215s1982    un a     b    000 0 ruso</controlfield>
      <datafield tag="010" ind1=" " ind2=" ">
         <subfield code="a">83106879</subfield>
      </datafield>
      <datafield tag="035" ind1=" " ind2=" ">
         <subfield code="a">(OCoLC)10101035</subfield>
         <subfield code="z">(OCoLC)881533261</subfield>
      </datafield>
      <datafield tag="040" ind1=" " ind2=" ">
         <subfield code="a">DLC</subfield>
         <subfield code="b">eng</subfield>
         <subfield code="c">DLC</subfield>
         <subfield code="d">OCLCF</subfield>
         <subfield code="d">OCLCO</subfield>
         <subfield code="d">OCLCQ</subfield>
         <subfield code="d">GGM</subfield>
         <subfield code="d">NNU</subfield>
      </datafield>
      <datafield tag="043" ind1=" " ind2=" ">
         <subfield code="a">e-un---</subfield>
         <subfield code="a">mb-----</subfield>
      </datafield>
      <datafield tag="050" ind1="0" ind2="0">
         <subfield code="a">NA7368.B55</subfield>
         <subfield code="b">K79 1982</subfield>
      </datafield>
      <datafield tag="066" ind1=" " ind2=" ">
         <subfield code="c">(N</subfield>
      </datafield>
      <datafield tag="079" ind1=" " ind2=" ">
         <subfield code="a">(OCoLC)10101035</subfield>
      </datafield>
      <datafield tag="100" ind1="1" ind2=" ">
         <subfield code="6">880-01</subfield>
         <subfield code="a">Kryzhit͡skiĭ, S. D.</subfield>
         <subfield code="q">(Sergeĭ Dmitrievich)</subfield>
         <subfield code="e">author.</subfield>
      </datafield>
      <datafield tag="245" ind1="1" ind2="0">
         <subfield code="6">880-02</subfield>
         <subfield code="a">Zhilye doma antichnykh gorodov Severnogo Prichernomorʹi͡a :</subfield>
         <subfield code="b">VI v. do n.ė.--IV v. n.ė. /</subfield>
         <subfield code="c">S.D. Kryzhit͡skiĭ.</subfield>
      </datafield>
      <datafield tag="260" ind1=" " ind2=" ">
         <subfield code="6">880-03</subfield>
         <subfield code="a">Kiev :</subfield>
         <subfield code="b">"Nauk. dumka",</subfield>
         <subfield code="c">1982.</subfield>
      </datafield>
      <datafield tag="300" ind1=" " ind2=" ">
         <subfield code="a">163 pages :</subfield>
         <subfield code="b">illustrations ;</subfield>
         <subfield code="c">23 cm</subfield>
      </datafield>
      <datafield tag="336" ind1=" " ind2=" ">
         <subfield code="a">text</subfield>
         <subfield code="b">txt</subfield>
         <subfield code="2">rdacontent</subfield>
      </datafield>
      <datafield tag="337" ind1=" " ind2=" ">
         <subfield code="a">unmediated</subfield>
         <subfield code="b">n</subfield>
         <subfield code="2">rdamedia</subfield>
      </datafield>
      <datafield tag="338" ind1=" " ind2=" ">
         <subfield code="a">volume</subfield>
         <subfield code="b">nc</subfield>
         <subfield code="2">rdacarrier</subfield>
      </datafield>
      <datafield tag="500" ind1=" " ind2=" ">
         <subfield code="6">880-04</subfield>
         <subfield code="a">At head of title: Akademii͡a nauk Ukrainskoĭ SSR. Institut arkheologii.</subfield>
      </datafield>
      <datafield tag="504" ind1=" " ind2=" ">
         <subfield code="a">Includes bibliographical references.</subfield>
      </datafield>
      <datafield tag="650" ind1=" " ind2="0">
         <subfield code="a">Architecture, Domestic</subfield>
         <subfield code="z">Ukraine</subfield>
         <subfield code="z">Black Sea Lowland.</subfield>
      </datafield>
      <datafield tag="650" ind1=" " ind2="0">
         <subfield code="a">Architecture, Ancient</subfield>
         <subfield code="z">Ukraine</subfield>
         <subfield code="z">Black Sea Lowland.</subfield>
      </datafield>
      <datafield tag="710" ind1="2" ind2=" ">
         <subfield code="a">Instytut arkheolohiï (Akademii͡a nauk Ukraïny),</subfield>
         <subfield code="e">issuing body.</subfield>
      </datafield>
      <datafield tag="776" ind1="0" ind2="8">
         <subfield code="i">Online version:</subfield>
         <subfield code="a">Kryzhit͡skiĭ, S.D. (Sergeĭ Dmitrievich).</subfield>
         <subfield code="t">Zhilye doma antichnykh gorodov Severnogo Prichernomorʹi͡a.</subfield>
         <subfield code="d">Kiev : "Nauk. dumka", 1982</subfield>
         <subfield code="w">(OCoLC)619953426</subfield>
      </datafield>
      <datafield tag="880" ind1="1" ind2=" ">
         <subfield code="6">100-01/</subfield>
         <subfield code="a">Крыжицкий, С. Д.</subfield>
         <subfield code="q">(Сeргeй Дмитриeвич)</subfield>
         <subfield code="e">author.</subfield>
      </datafield>
      <datafield tag="880" ind1="1" ind2="0">
         <subfield code="6">245-02/</subfield>
         <subfield code="a">Жилые дома античных городов Северного Причерноморья :</subfield>
         <subfield code="b">6 в. до н.э.- 4 в. н.э. /</subfield>
         <subfield code="c">С.Д. Крыжицкий.</subfield>
      </datafield>
      <datafield tag="880" ind1=" " ind2=" ">
         <subfield code="6">260-03/</subfield>
         <subfield code="a">Kиев :</subfield>
         <subfield code="b">"Нaук. думкa",</subfield>
         <subfield code="c">1982.</subfield>
      </datafield>
      <datafield tag="880" ind1=" " ind2=" ">
         <subfield code="6">500-04/</subfield>
         <subfield code="a">At head of title: Aкадeмия наук Украинской ССР. Институт aрхeoлoгии.</subfield>
      </datafield>
      <datafield tag="994" ind1=" " ind2=" ">
         <subfield code="a">Z0</subfield>
         <subfield code="b">ZYU</subfield>
      </datafield>
      <datafield tag="OWN" ind1=" " ind2=" ">
         <subfield code="a">GENERAL</subfield>
      </datafield>
      <datafield tag="AVA" ind1=" " ind2=" ">
         <subfield code="a">NYU50</subfield>
         <subfield code="b">NISAW</subfield>
         <subfield code="c">Large Collection</subfield>
         <subfield code="d">NA7368.B55 K79 1982 Non-circulating</subfield>
         <subfield code="e">available</subfield>
         <subfield code="t">Available</subfield>
         <subfield code="f">1</subfield>
         <subfield code="g">0</subfield>
         <subfield code="h">N</subfield>
         <subfield code="i">0</subfield>
         <subfield code="j">LARGE</subfield>
         <subfield code="k">0</subfield>
      </datafield>
      <marc:datafield tag="852" ind1=" " ind2=" ">
         <marc:subfield code="b">Institute for the Study of the Ancient World, </marc:subfield>
         <marc:subfield code="c">Large Collection</marc:subfield>
         <marc:subfield code="e">15 East 84th St., </marc:subfield>
         <marc:subfield code="e">New York, NY  10028</marc:subfield>
      </marc:datafield>
   </record>