
  
  
  
  
  
  
  
  
  
  
 
  
  <record xsi:schemaLocation="http://www.loc.gov/MARC21/slim http://www.loc.gov/standards/marcxml/schema/MARC21slim.xsd">
      <leader>00000cas a2200301   4500</leader>
      <controlfield tag="FMT">SE</controlfield>
      <controlfield tag="LDR">00000cas a2200301   4500</controlfield>
      <controlfield tag="001">000772064</controlfield>
      <controlfield tag="003">NNU</controlfield>
      <controlfield tag="005">20131220114240.0</controlfield>
      <controlfield tag="008">751125c19719999gw ar|p       0   a0ger d</controlfield>
      <datafield tag="010" ind1=" " ind2=" ">
         <subfield code="a">sn 85012542</subfield>
      </datafield>
      <datafield tag="022" ind1=" " ind2=" ">
         <subfield code="a">0340-627X</subfield>
      </datafield>
      <datafield tag="035" ind1=" " ind2=" ">
         <subfield code="a">(OCoLC)ocm01852497</subfield>
      </datafield>
      <datafield tag="035" ind1="9" ind2=" ">
         <subfield code="a">NYUb12569729</subfield>
      </datafield>
      <datafield tag="040" ind1=" " ind2=" ">
         <subfield code="a">YUS</subfield>
         <subfield code="c">YUS</subfield>
         <subfield code="d">MUL</subfield>
         <subfield code="d">NST</subfield>
         <subfield code="d">NNU</subfield>
      </datafield>
      <datafield tag="041" ind1="0" ind2=" ">
         <subfield code="a">ger</subfield>
         <subfield code="a">eng</subfield>
         <subfield code="a">fre</subfield>
         <subfield code="a">ita</subfield>
      </datafield>
      <datafield tag="042" ind1=" " ind2=" ">
         <subfield code="a">lcd</subfield>
      </datafield>
      <datafield tag="050" ind1=" " ind2="4">
         <subfield code="a">PJ1004</subfield>
         <subfield code="b">.E53</subfield>
      </datafield>
      <datafield tag="222" ind1=" " ind2="0">
         <subfield code="a">Enchoria</subfield>
      </datafield>
      <datafield tag="245" ind1="0" ind2="0">
         <subfield code="a">Enchoria.</subfield>
      </datafield>
      <datafield tag="260" ind1=" " ind2=" ">
         <subfield code="a">Wiesbaden :</subfield>
         <subfield code="b">O. Harrassowitz.</subfield>
      </datafield>
      <datafield tag="300" ind1=" " ind2=" ">
         <subfield code="a">v. :</subfield>
         <subfield code="b">ill. ;</subfield>
         <subfield code="c">30 cm.</subfield>
      </datafield>
      <datafield tag="310" ind1=" " ind2=" ">
         <subfield code="a">Annual</subfield>
      </datafield>
      <datafield tag="362" ind1="0" ind2=" ">
         <subfield code="a">1- 1971-</subfield>
      </datafield>
      <datafield tag="500" ind1=" " ind2=" ">
         <subfield code="a">"Zeitschrift für Demotistik und Koptologie."</subfield>
      </datafield>
      <datafield tag="546" ind1=" " ind2=" ">
         <subfield code="a">In German, English, French, or Italian.</subfield>
      </datafield>
      <datafield tag="650" ind1=" " ind2="0">
         <subfield code="a">Egyptian language</subfield>
         <subfield code="v">Periodicals.</subfield>
      </datafield>
      <datafield tag="650" ind1=" " ind2="0">
         <subfield code="a">Coptic philology</subfield>
         <subfield code="v">Periodicals.</subfield>
      </datafield>
      <datafield tag="866" ind1="4" ind2="1">
         <subfield code="l">Bobst</subfield>
         <subfield code="d">PJ1004 .E53</subfield>
         <subfield code="e">0302</subfield>
         <subfield code="j">18-</subfield>
         <subfield code="k">1991-</subfield>
      </datafield>
      <datafield tag="OWN" ind1=" " ind2=" ">
         <subfield code="a">GENERAL</subfield>
      </datafield>
      <datafield tag="H66" ind1=" " ind2=" ">
         <subfield code="l">ISAW Oak Collection</subfield>
         <subfield code="d">PJ1004 .E53</subfield>
         <subfield code="q">NISAWOAK=ZZ</subfield>
         <subfield code="e">1210</subfield>
         <subfield code="j">1-</subfield>
         <subfield code="k">1971-1980, 1982, 1984-1988, 1990-</subfield>
      </datafield>
      <datafield tag="966" ind1="4" ind2="1">
         <subfield code="l">ISAW Oak Collection</subfield>
         <subfield code="d">PJ1004 .E53</subfield>
         <subfield code="e">1210</subfield>
         <subfield code="j">1-</subfield>
         <subfield code="k">1971-1980, 1982, 1984-1988, 1990-</subfield>
      </datafield>
      <datafield tag="AVA" ind1=" " ind2=" ">
         <subfield code="a">NYU50</subfield>
         <subfield code="b">BOBST</subfield>
         <subfield code="c">Main Collection</subfield>
         <subfield code="d">PJ1004 .E53</subfield>
         <subfield code="e">available</subfield>
         <subfield code="t">Available</subfield>
         <subfield code="f">17</subfield>
         <subfield code="g">0</subfield>
         <subfield code="h">Y</subfield>
         <subfield code="i">0</subfield>
         <subfield code="j">MAIN</subfield>
         <subfield code="k">0</subfield>
      </datafield>
      <datafield tag="AVA" ind1=" " ind2=" ">
         <subfield code="a">NYU50</subfield>
         <subfield code="b">NISAW</subfield>
         <subfield code="c">Oak Collection</subfield>
         <subfield code="d">PJ1004 .E53 Non-circulating</subfield>
         <subfield code="e">available</subfield>
         <subfield code="t">Available</subfield>
         <subfield code="f">32</subfield>
         <subfield code="g">0</subfield>
         <subfield code="h">Y</subfield>
         <subfield code="i">0</subfield>
         <subfield code="j">OAK</subfield>
         <subfield code="k">0</subfield>
      </datafield>
      <marc:datafield tag="852" ind1=" " ind2=" ">
         <marc:subfield code="b">Institute for the Study of the Ancient World, </marc:subfield>
         <marc:subfield code="c">Oak Collection</marc:subfield>
         <marc:subfield code="e">15 East 84th St., </marc:subfield>
         <marc:subfield code="e">New York, NY  10028</marc:subfield>
      </marc:datafield>
   </record>