
  
  
  
  
  
  
  
  
  
 
  
  <record xsi:schemaLocation="http://www.loc.gov/MARC21/slim http://www.loc.gov/standards/marcxml/schema/MARC21slim.xsd">
      <leader>00000cam a22      i 4500</leader>
      <controlfield tag="FMT">BK</controlfield>
      <controlfield tag="LDR">00000cam a22      i 4500</controlfield>
      <controlfield tag="001">004541144</controlfield>
      <controlfield tag="005">20161219120058.0</controlfield>
      <controlfield tag="008">161219s1961    nyu      b    001 0 eng</controlfield>
      <datafield tag="010" ind1=" " ind2=" ">
         <subfield code="a">   61005266</subfield>
      </datafield>
      <datafield tag="035" ind1=" " ind2=" ">
         <subfield code="a">(OCoLC)167121</subfield>
      </datafield>
      <datafield tag="040" ind1=" " ind2=" ">
         <subfield code="a">DLC</subfield>
         <subfield code="b">eng</subfield>
         <subfield code="e">rda</subfield>
         <subfield code="c">PCJ</subfield>
         <subfield code="d">DLC</subfield>
         <subfield code="d">SER</subfield>
         <subfield code="d">NLGGC</subfield>
         <subfield code="d">LVB</subfield>
         <subfield code="d">OCLCF</subfield>
         <subfield code="d">OCLCQ</subfield>
         <subfield code="d">MXL</subfield>
         <subfield code="d">OCLCO</subfield>
         <subfield code="d">DEBBG</subfield>
         <subfield code="d">OCLCQ</subfield>
         <subfield code="d">NNU</subfield>
      </datafield>
      <datafield tag="042" ind1=" " ind2=" ">
         <subfield code="a">premarc</subfield>
      </datafield>
      <datafield tag="050" ind1=" " ind2="4">
         <subfield code="a">BM165</subfield>
         <subfield code="b">.P46 1961</subfield>
      </datafield>
      <datafield tag="050" ind1="0" ind2="0">
         <subfield code="a">BM165</subfield>
         <subfield code="b">.P46</subfield>
      </datafield>
      <datafield tag="079" ind1=" " ind2=" ">
         <subfield code="a">(OCoLC)167121</subfield>
      </datafield>
      <datafield tag="082" ind1="0" ind2="4">
         <subfield code="a">296.0901</subfield>
      </datafield>
      <datafield tag="084" ind1=" " ind2=" ">
         <subfield code="a">11.41</subfield>
         <subfield code="2">bcl</subfield>
      </datafield>
      <datafield tag="100" ind1="1" ind2=" ">
         <subfield code="a">Pfeiffer, Robert H.</subfield>
         <subfield code="q">(Robert Henry),</subfield>
         <subfield code="d">1892-1958.</subfield>
      </datafield>
      <datafield tag="245" ind1="1" ind2="0">
         <subfield code="a">Religion in the Old Testament :</subfield>
         <subfield code="b">the history of a spiritual triumph /</subfield>
         <subfield code="c">by Robert H. Pfeiffer, edited by Charles Conrad Forman.</subfield>
      </datafield>
      <datafield tag="250" ind1=" " ind2=" ">
         <subfield code="a">First edition.</subfield>
      </datafield>
      <datafield tag="264" ind1=" " ind2="1">
         <subfield code="a">New York :</subfield>
         <subfield code="b">Harper &amp; Brothers,</subfield>
         <subfield code="c">[1961]</subfield>
      </datafield>
      <datafield tag="300" ind1=" " ind2=" ">
         <subfield code="a">xii, 276 pages ;</subfield>
         <subfield code="c">24 cm</subfield>
      </datafield>
      <datafield tag="336" ind1=" " ind2=" ">
         <subfield code="a">text</subfield>
         <subfield code="b">txt</subfield>
         <subfield code="2">rdacontent</subfield>
      </datafield>
      <datafield tag="337" ind1=" " ind2=" ">
         <subfield code="a">unmediated</subfield>
         <subfield code="b">n</subfield>
         <subfield code="2">rdamedia</subfield>
      </datafield>
      <datafield tag="338" ind1=" " ind2=" ">
         <subfield code="a">volume</subfield>
         <subfield code="b">nc</subfield>
         <subfield code="2">rdacarrier</subfield>
      </datafield>
      <datafield tag="504" ind1=" " ind2=" ">
         <subfield code="a">Includes bibliographical references (pages 229-232 ) and indexes.</subfield>
      </datafield>
      <datafield tag="504" ind1=" " ind2=" ">
         <subfield code="a">"Bibliography of Robert H. Pfeiffer, compiled by Matilde v. Pfeiffer": pages 223-256</subfield>
      </datafield>
      <datafield tag="505" ind1="0" ind2=" ">
         <subfield code="a">Part I. The religion of Israel -- I. Religion and the Bible -- 1. Religion -- 2. The Bible -- 3. Method of study -- 4. Plan of the book -- II. Before Moses -- 1. The gods of the nomads -- 2. The acts of worship -- A. Purifications -- B. Sacrifices and offerings -- 3. The times of worship (festivals) -- 4. Priests and sanctuaries -- 5. Moral ideas -- III. Moses and the birth of Israel -- 1. Moses -- 2. Israel -- 3. Jehovah -- IV. Israel in Canaan -- 1. Canaan -- A. Religion and culture -- B. Canaan's influence on Israel -- i. Cultural influence -- ii. Religious influence -- 2. Jehovah -- 3. Religious institutes -- A. Religious functionaries -- i. Priests -- ii. Prophets -- iii. Rechabites and Nazarites -- 4. The worship -- A. The place of worship -- B. The acts of worship -- C. The times of worship -- i. The weekly feast -- ii. The monthly feast -- iii. The annual feast -- 5. Philosophy and science -- A. Ethics -- B. The nature of Man -- C. The world -- V. The prophetic movement -- 1. The books of the prophets -- 2. The significance of the prophetic movement -- 3. Characteristics of the of the reforming prophets -- A. Relations to the earlier prophets -- B. Religious experiences of the prophets -- i. Inspiration -- ii. The call -- iii. Ecstatic states -- C. Functions of the prophets -- D. Methods of the prophets -- 4. The prophetic doctrine of God -- A. The moralization of Jehovah -- i. Equity and impartiality -- ii. Consistency -- iii. Moral holiness -- iv. Love -- B. The spiritualization of Jehovah -- i. The body of Jehovah -- ii. The abode of Jehovah -- iii. Holiness -- iv. Power -- v. Presence -- vi. Knowledge -- 5. The results of the prophetic teaching of God -- A. Jehovah and his people -- B. The institutions of worship -- C. The state -- D. Ethics -- E. National hopes -- Part II. Judaism -- VI. Incipient Judaism: Deuteronomy -- 1. The presuppositions of Deuteronomy -- A. Negative presuppositions: the foreign cults --</subfield>
      </datafield>
      <datafield tag="505" ind1="0" ind2=" ">
         <subfield code="a">B. Positive presuppositions: the political situation and the prophetic movement -- 2. The Deuteronomic code -- 3. Importance of Deuteronomy -- A. The reforms of Josiah -- i. Preservation of the nation and the religion -- ii. Purification of the worship -- iii. The state becomes a theocracy -- B. The influence of Deuteronomy -- i. Reflection of Deuteronomy in literature -- 4. The religion of Deuteronomy -- A. Jehovah and his worship -- B. Relations between Israel and Jehovah -- C. Moral ideas -- VII. Plastic Judaism -- 1. The codifications of the law -- A. The Torah of Ezekiel -- B. The holiness code -- C. The priestly code -- i. Presuppositions -- ii. The origin of the priestly code -- iii. Characteristics of P -- D. The Pentateuch -- 2. The religion of the law -- A. The doctrine of God in the priestly code -- B. Religious institutions in P -- i. Divine ownership -- ii. Arbitrary enactments -- C. The ethics of P -- 3. Vision and wisdom -- A. Eschatological expectations in early apocalypses -- B. Early wisdom -- i. The oldest wisdom literature -- VIII: Normative Judaism -- 1. Sources -- A. The work of the Chronicler -- B. The Samaritan question -- 2. Scriptures and organized religion -- A. The canon -- B. Religious life and institutions -- i. Public religious life -- ii. Private religious life -- IX: Epilogue.</subfield>
      </datafield>
      <datafield tag="500" ind1=" " ind2=" ">
         <subfield code="a">ISAW copy is from the Library of David I. Owen.</subfield>
         <subfield code="5">NyNyUAW</subfield>
      </datafield>
      <datafield tag="650" ind1=" " ind2="0">
         <subfield code="a">Judaism</subfield>
         <subfield code="x">History</subfield>
         <subfield code="y">To 70 A.D.</subfield>
      </datafield>
      <datafield tag="650" ind1=" " ind2="4">
         <subfield code="a">Judaïsme</subfield>
         <subfield code="x">Histoire</subfield>
         <subfield code="x">Jusqu'à 70.</subfield>
      </datafield>
      <datafield tag="650" ind1=" " ind2="6">
         <subfield code="a">Judaïsme</subfield>
         <subfield code="x">Histoire</subfield>
         <subfield code="y">Jusqu'à 70.</subfield>
      </datafield>
      <datafield tag="650" ind1=" " ind2="7">
         <subfield code="a">Judaism.</subfield>
         <subfield code="2">fast</subfield>
         <subfield code="0">(OCoLC)fst00984280</subfield>
      </datafield>
      <datafield tag="650" ind1="1" ind2="7">
         <subfield code="a">Oude Testament.</subfield>
         <subfield code="2">gtt</subfield>
      </datafield>
      <datafield tag="648" ind1=" " ind2="7">
         <subfield code="a">To 70.</subfield>
         <subfield code="2">fast</subfield>
      </datafield>
      <datafield tag="655" ind1=" " ind2="7">
         <subfield code="a">History.</subfield>
         <subfield code="2">fast</subfield>
         <subfield code="0">(OCoLC)fst01411628</subfield>
      </datafield>
      <datafield tag="776" ind1="0" ind2="8">
         <subfield code="i">Online version:</subfield>
         <subfield code="a">Pfeiffer, Robert H. (Robert Henry), 1892-1958.</subfield>
         <subfield code="t">Religion in the Old Testament.</subfield>
         <subfield code="b">[1st ed.].</subfield>
         <subfield code="d">New York, Harper [1961]</subfield>
         <subfield code="w">(OCoLC)613180160</subfield>
      </datafield>
      <datafield tag="796" ind1="1" ind2=" ">
         <subfield code="a">Owen, David I.,</subfield>
         <subfield code="e">former owner.</subfield>
         <subfield code="5">NyNyUAW</subfield>
      </datafield>
      <datafield tag="797" ind1="2" ind2=" ">
         <subfield code="a">Owen ollection.</subfield>
         <subfield code="5">NyNyUAW</subfield>
      </datafield>
      <datafield tag="OWN" ind1=" " ind2=" ">
         <subfield code="a">GENERAL</subfield>
      </datafield>
      <datafield tag="AVA" ind1=" " ind2=" ">
         <subfield code="a">NYU50</subfield>
         <subfield code="b">NISAW</subfield>
         <subfield code="c">Small Collection</subfield>
         <subfield code="d">BM165 .P46 1961 Non-circulating</subfield>
         <subfield code="e">available</subfield>
         <subfield code="t">Available</subfield>
         <subfield code="f">1</subfield>
         <subfield code="g">0</subfield>
         <subfield code="h">N</subfield>
         <subfield code="i">0</subfield>
         <subfield code="j">SMALL</subfield>
         <subfield code="k">0</subfield>
      </datafield>
      <marc:datafield tag="852" ind1=" " ind2=" ">
         <marc:subfield code="b">Institute for the Study of the Ancient World, </marc:subfield>
         <marc:subfield code="c">Small Collection</marc:subfield>
         <marc:subfield code="e">15 East 84th St., </marc:subfield>
         <marc:subfield code="e">New York, NY  10028</marc:subfield>
      </marc:datafield>
   </record>