
  
  
  
  
  
  
  
  
  
  
  
  
  
 
  
  <record xsi:schemaLocation="http://www.loc.gov/MARC21/slim http://www.loc.gov/standards/marcxml/schema/MARC21slim.xsd">
      <leader>00000cam a22005294a 4500</leader>
      <controlfield tag="FMT">BK</controlfield>
      <controlfield tag="LDR">00000cam a22005294a 4500</controlfield>
      <controlfield tag="001">003246146</controlfield>
      <controlfield tag="003">OCoLC</controlfield>
      <controlfield tag="005">20161219150014.0</controlfield>
      <controlfield tag="008">090812s2009    mduab    b    011 0 eng</controlfield>
      <datafield tag="010" ind1=" " ind2=" ">
         <subfield code="a">2009006364</subfield>
      </datafield>
      <datafield tag="020" ind1=" " ind2=" ">
         <subfield code="a">9781934309223 (alk. paper)</subfield>
      </datafield>
      <datafield tag="020" ind1=" " ind2=" ">
         <subfield code="a">1934309222 (alk. paper)</subfield>
      </datafield>
      <datafield tag="035" ind1=" " ind2=" ">
         <subfield code="a">(OCoLC)310171821</subfield>
      </datafield>
      <datafield tag="040" ind1=" " ind2=" ">
         <subfield code="a">DLC</subfield>
         <subfield code="c">DLC</subfield>
         <subfield code="d">LNT</subfield>
         <subfield code="d">YDXCP</subfield>
         <subfield code="d">BTCTA</subfield>
         <subfield code="d">VUT</subfield>
         <subfield code="d">C#P</subfield>
         <subfield code="d">BWX</subfield>
         <subfield code="d">CDX</subfield>
         <subfield code="d">NNU</subfield>
      </datafield>
      <datafield tag="041" ind1="0" ind2=" ">
         <subfield code="a">eng</subfield>
         <subfield code="a">ger</subfield>
         <subfield code="a">fre</subfield>
      </datafield>
      <datafield tag="043" ind1=" " ind2=" ">
         <subfield code="a">a-iq---</subfield>
      </datafield>
      <datafield tag="050" ind1="0" ind2="0">
         <subfield code="a">DS70.5.N9</subfield>
         <subfield code="b">G48 2009</subfield>
      </datafield>
      <datafield tag="079" ind1=" " ind2=" ">
         <subfield code="a">(OCoLC)310171821</subfield>
      </datafield>
      <datafield tag="082" ind1="0" ind2="0">
         <subfield code="a">935</subfield>
         <subfield code="2">22</subfield>
      </datafield>
      <datafield tag="082" ind1=" " ind2="4">
         <subfield code="a">956.7</subfield>
      </datafield>
      <datafield tag="090" ind1=" " ind2=" ">
         <subfield code="a">DS70.5.N9</subfield>
         <subfield code="b">S88 vol.18</subfield>
      </datafield>
      <datafield tag="245" ind1="0" ind2="0">
         <subfield code="a">General studies and excavations at Nuzi 11/2 :</subfield>
         <subfield code="b">in honor of David I. Owen on the occasion of his 65th birthday, October 28, 2005 /</subfield>
         <subfield code="c">edited by Gernot Wilhelm.</subfield>
      </datafield>
      <datafield tag="260" ind1=" " ind2=" ">
         <subfield code="a">Bethesda, Md. :</subfield>
         <subfield code="b">CDL Press,</subfield>
         <subfield code="c">2009.</subfield>
      </datafield>
      <datafield tag="300" ind1=" " ind2=" ">
         <subfield code="a">xx, 734 p. :</subfield>
         <subfield code="b">ill., maps ;</subfield>
         <subfield code="c">26 cm.</subfield>
      </datafield>
      <datafield tag="490" ind1="1" ind2=" ">
         <subfield code="a">Studies on the civilization and culture of Nuzi and the Hurrians ;</subfield>
         <subfield code="v">v. 18</subfield>
      </datafield>
      <datafield tag="504" ind1=" " ind2=" ">
         <subfield code="a">Includes bibliographical references and index.</subfield>
      </datafield>
      <datafield tag="504" ind1=" " ind2=" ">
         <subfield code="a">"Bibliography of David I. Owen": p. xi-xix.</subfield>
      </datafield>
      <datafield tag="505" ind1="0" ind2="0">
         <subfield code="t">Remarks on the topography of the town of Nuzi-Yorgan Tepe /</subfield>
         <subfield code="r">Simona Bracci --</subfield>
         <subfield code="g">The</subfield>
         <subfield code="t">great temple terrace at Urkesh and the lions of Tish-atal /</subfield>
         <subfield code="r">Giorgio Buccellati and Marilyn Kelly-Buccellati --</subfield>
         <subfield code="t">Zur Struktur der Gesellschaft der Königreichs Arrapḫe : Texte über die Streitwagenfahrer (rākib narkabti) /</subfield>
         <subfield code="r">Gudrun Dosch --</subfield>
         <subfield code="t">Drei bislang unerkannt gebliebene Nuzi-Fragmente des British Museum /</subfield>
         <subfield code="r">Jeanette C. Fincke --</subfield>
         <subfield code="t">Hurritisch arni tidibadoḫḫa, das Öl und der Löwe in dem mythologischen Text KBo 27.217 (ChS I/6 Nr. 10) /</subfield>
         <subfield code="r">Mauro Giorgieri --</subfield>
         <subfield code="g">Les</subfield>
         <subfield code="t">porcs à Nuzi /</subfield>
         <subfield code="r">Brigitte Lion --</subfield>
         <subfield code="t">JEN 799 : the text edition /</subfield>
         <subfield code="r">M.P. Maidman --</subfield>
         <subfield code="t">Emblems of ethnicity : Hurrians, Elamites, and the Mittanian 'common-style' glyptic /</subfield>
         <subfield code="r">Andrew P. McCarthy and Ian Hill --</subfield>
         <subfield code="t">Neue Ansichten und Einsichten zur Topographie des Landes Arrapḫa /</subfield>
         <subfield code="r">Gerfrid G.W. Müller --</subfield>
         <subfield code="t">Aspects de la position génétique du hourrite /</subfield>
         <subfield code="r">Sylvain Patri --</subfield>
         <subfield code="g">Das</subfield>
      </datafield>
      <datafield tag="505" ind1="0" ind2="0">
         <subfield code="9"/>
         <subfield code="t">Eherecht in Nuzi : Einflüsse aus altbabylonischer Zeit /</subfield>
         <subfield code="r">Nicole Pfeifer --</subfield>
         <subfield code="t">Notes on the chronology and kings of Emar /</subfield>
         <subfield code="r">Regine Pruzsinszky --</subfield>
         <subfield code="t">Hurritisch za-za-(al)° in den Qaṭna-Briefen /</subfield>
         <subfield code="r">Thomas Richter --</subfield>
         <subfield code="t">Administrative procedures in the texts from the house of Zike, Son of Ar-Tirwi, at Nuzi /</subfield>
         <subfield code="r">Paola Negri Scafa --</subfield>
         <subfield code="g">Die</subfield>
         <subfield code="t">Amme nach Texten aus Nuzi /</subfield>
         <subfield code="r">Helga Schneider-Ludorff --</subfield>
         <subfield code="t">Metallgefässe aus Nuzi nach den schriftlichen Quellen /</subfield>
         <subfield code="r">Helga Schneider-Ludorff --</subfield>
         <subfield code="t">Revisiting Hanigalbat : settlement in the Western provinces of the Middle Assyrian kingdom /</subfield>
         <subfield code="r">Jeffrey Szuchman --</subfield>
         <subfield code="g">The</subfield>
         <subfield code="t">charioteer lists : seals and sealing practice /</subfield>
         <subfield code="r">Diana Stein --</subfield>
         <subfield code="t">Winged disks and sacred trees at Nuzi : an altered perspective on two imperial motifs /</subfield>
         <subfield code="r">Diana Stein --</subfield>
         <subfield code="t">Sealed troop rosters from the city of Arrapḫe /</subfield>
         <subfield code="r">Eva von Dassow --</subfield>
         <subfield code="g">Le</subfield>
         <subfield code="t">tissus urbain de Nuzi : nouvelles perspectives /</subfield>
         <subfield code="r">Laura Battini --</subfield>
         <subfield code="t">Zur Suffixaufnahme beim Essiv im Hurritischen /</subfield>
      </datafield>
      <datafield tag="505" ind1="0" ind2="0">
         <subfield code="9"/>
         <subfield code="r">Ingeborg Röseler --</subfield>
         <subfield code="g">The</subfield>
         <subfield code="t">inscribed brick from the palace at Nuzi /</subfield>
         <subfield code="r">Gernot Wilhelm --</subfield>
         <subfield code="t">EN 10/1 SMN 1588 SMN 2731 /</subfield>
         <subfield code="r">Brigitte Lion --</subfield>
         <subfield code="t">Excavations at Nuzi 11/2, 61-111 /</subfield>
         <subfield code="r">Barbara Spering --</subfield>
         <subfield code="t">Lexical index /</subfield>
         <subfield code="r">Gernot Wilhelm.</subfield>
      </datafield>
      <datafield tag="546" ind1=" " ind2=" ">
         <subfield code="a">English, German, French.</subfield>
      </datafield>
      <datafield tag="651" ind1=" " ind2="0">
         <subfield code="a">Nuzi (Extinct city)</subfield>
      </datafield>
      <datafield tag="650" ind1=" " ind2="0">
         <subfield code="a">Excavations (Archaeology)</subfield>
         <subfield code="z">Iraq</subfield>
         <subfield code="z">Nuzi (Extinct city)</subfield>
      </datafield>
      <datafield tag="650" ind1=" " ind2="0">
         <subfield code="a">Hurrians</subfield>
         <subfield code="x">History.</subfield>
      </datafield>
      <datafield tag="650" ind1=" " ind2="0">
         <subfield code="a">Hurrians</subfield>
         <subfield code="x">Religion.</subfield>
      </datafield>
      <datafield tag="650" ind1=" " ind2="0">
         <subfield code="a">Hurrians</subfield>
         <subfield code="x">Languages.</subfield>
      </datafield>
      <datafield tag="651" ind1=" " ind2="7">
         <subfield code="a">[Nuzi].</subfield>
         <subfield code="2">pleiades</subfield>
         <subfield code="0">https://pleiades.stoa.org/places/894054</subfield>
         <subfield code="5">NyNyUAW</subfield>
      </datafield>
      <datafield tag="700" ind1="1" ind2=" ">
         <subfield code="a">Owen, David I.</subfield>
      </datafield>
      <datafield tag="700" ind1="1" ind2=" ">
         <subfield code="a">Wilhelm, Gernot.</subfield>
      </datafield>
      <datafield tag="830" ind1=" " ind2="0">
         <subfield code="a">Studies on the civilization and culture of Nuzi and the Hurrians ;</subfield>
         <subfield code="v">v. 18.</subfield>
      </datafield>
      <datafield tag="994" ind1=" " ind2=" ">
         <subfield code="a">Z0</subfield>
         <subfield code="b">ZYU</subfield>
      </datafield>
      <datafield tag="OWN" ind1=" " ind2=" ">
         <subfield code="a">GENERAL</subfield>
      </datafield>
      <datafield tag="AVA" ind1=" " ind2=" ">
         <subfield code="a">NYU50</subfield>
         <subfield code="b">BOBST</subfield>
         <subfield code="c">Main Collection</subfield>
         <subfield code="d">DS70.5.N9 G48 2009</subfield>
         <subfield code="e">available</subfield>
         <subfield code="t">Available</subfield>
         <subfield code="f">1</subfield>
         <subfield code="g">0</subfield>
         <subfield code="h">N</subfield>
         <subfield code="i">2</subfield>
         <subfield code="j">MAIN</subfield>
         <subfield code="k">0</subfield>
      </datafield>
      <datafield tag="AVA" ind1=" " ind2=" ">
         <subfield code="a">NYU50</subfield>
         <subfield code="b">NISAW</subfield>
         <subfield code="c">Small Collection</subfield>
         <subfield code="d">DS70.5.N9 S88 v.18 2009 Non-circulating</subfield>
         <subfield code="e">available</subfield>
         <subfield code="t">Available</subfield>
         <subfield code="f">1</subfield>
         <subfield code="g">0</subfield>
         <subfield code="h">N</subfield>
         <subfield code="i">0</subfield>
         <subfield code="j">SMALL</subfield>
         <subfield code="k">0</subfield>
      </datafield>
      <marc:datafield tag="852" ind1=" " ind2=" ">
         <marc:subfield code="b">Institute for the Study of the Ancient World, </marc:subfield>
         <marc:subfield code="c">Small Collection</marc:subfield>
         <marc:subfield code="e">15 East 84th St., </marc:subfield>
         <marc:subfield code="e">New York, NY  10028</marc:subfield>
      </marc:datafield>
   </record>