
  
  
  
  
  
  
  
  
  
  
 
  
  <record xsi:schemaLocation="http://www.loc.gov/MARC21/slim http://www.loc.gov/standards/marcxml/schema/MARC21slim.xsd">
      <leader>00000cam a2200985 a 4500</leader>
      <controlfield tag="FMT">BK</controlfield>
      <controlfield tag="LDR">00000cam a2200985 a 4500</controlfield>
      <controlfield tag="001">001456338</controlfield>
      <controlfield tag="003">OCoLC</controlfield>
      <controlfield tag="005">20161223125705.0</controlfield>
      <controlfield tag="008">980827s1998    enka     b    011 0 eng</controlfield>
      <datafield tag="010" ind1=" " ind2=" ">
         <subfield code="a">98189112</subfield>
      </datafield>
      <datafield tag="015" ind1=" " ind2=" ">
         <subfield code="a">GB9862829</subfield>
         <subfield code="2">bnb</subfield>
      </datafield>
      <datafield tag="016" ind1="7" ind2=" ">
         <subfield code="a">011397228</subfield>
         <subfield code="2">Uk</subfield>
      </datafield>
      <datafield tag="020" ind1=" " ind2=" ">
         <subfield code="a">1850758719</subfield>
         <subfield code="q">(alk. paper)</subfield>
      </datafield>
      <datafield tag="020" ind1=" " ind2=" ">
         <subfield code="a">9781850758716</subfield>
         <subfield code="q">(alk. paper)</subfield>
      </datafield>
      <datafield tag="035" ind1=" " ind2=" ">
         <subfield code="a">(OCoLC)39779358</subfield>
      </datafield>
      <datafield tag="040" ind1=" " ind2=" ">
         <subfield code="a">DLC</subfield>
         <subfield code="b">eng</subfield>
         <subfield code="c">DLC</subfield>
         <subfield code="d">EUN</subfield>
         <subfield code="d">ELW</subfield>
         <subfield code="d">UIU</subfield>
         <subfield code="d">UKM</subfield>
         <subfield code="d">MUQ</subfield>
         <subfield code="d">BAKER</subfield>
         <subfield code="d">NLGGC</subfield>
         <subfield code="d">BTCTA</subfield>
         <subfield code="d">YDXCP</subfield>
         <subfield code="d">CRU</subfield>
         <subfield code="d">HEBIS</subfield>
         <subfield code="d">N5L</subfield>
         <subfield code="d">ZWZ</subfield>
         <subfield code="d">UKMGB</subfield>
         <subfield code="d">EUM</subfield>
         <subfield code="d">OCLCO</subfield>
         <subfield code="d">OCLCQ</subfield>
         <subfield code="d">MR4</subfield>
         <subfield code="d">OCLCQ</subfield>
         <subfield code="d">OCLCA</subfield>
         <subfield code="d">OCLCF</subfield>
         <subfield code="d">P4I</subfield>
         <subfield code="d">ITC</subfield>
         <subfield code="d">OCLCA</subfield>
         <subfield code="d">OCLCQ</subfield>
         <subfield code="d">DEBBG</subfield>
      </datafield>
      <datafield tag="041" ind1="0" ind2=" ">
         <subfield code="a">eng</subfield>
         <subfield code="b">ger</subfield>
      </datafield>
      <datafield tag="043" ind1=" " ind2=" ">
         <subfield code="a">aw-----</subfield>
      </datafield>
      <datafield tag="050" ind1="0" ind2="0">
         <subfield code="a">DS57</subfield>
         <subfield code="b">.B686 1998</subfield>
      </datafield>
      <datafield tag="066" ind1=" " ind2=" ">
         <subfield code="c">(2</subfield>
      </datafield>
      <datafield tag="079" ind1=" " ind2=" ">
         <subfield code="a">(OCoLC)39779358</subfield>
      </datafield>
      <datafield tag="082" ind1="0" ind2="0">
         <subfield code="a">939.4</subfield>
         <subfield code="2">21</subfield>
      </datafield>
      <datafield tag="084" ind1=" " ind2=" ">
         <subfield code="a">11.43</subfield>
         <subfield code="2">bcl</subfield>
      </datafield>
      <datafield tag="084" ind1=" " ind2=" ">
         <subfield code="a">15.51</subfield>
         <subfield code="2">bcl</subfield>
      </datafield>
      <datafield tag="084" ind1=" " ind2=" ">
         <subfield code="a">BC 8115</subfield>
         <subfield code="2">rvk</subfield>
      </datafield>
      <datafield tag="245" ind1="0" ind2="0">
         <subfield code="a">Boundaries of the ancient Near Eastern world :</subfield>
         <subfield code="b">a tribute to Cyrus H. Gordon /</subfield>
         <subfield code="c">edited by Meir Lubetski, Claire Gottlieb, and Sharon Keller.</subfield>
      </datafield>
      <datafield tag="260" ind1=" " ind2=" ">
         <subfield code="a">Sheffield, England :</subfield>
         <subfield code="b">Sheffield Academic Press,</subfield>
         <subfield code="c">©1998.</subfield>
      </datafield>
      <datafield tag="300" ind1=" " ind2=" ">
         <subfield code="a">576 pages :</subfield>
         <subfield code="b">illustrations ;</subfield>
         <subfield code="c">25 cm.</subfield>
      </datafield>
      <datafield tag="336" ind1=" " ind2=" ">
         <subfield code="a">text</subfield>
         <subfield code="b">txt</subfield>
         <subfield code="2">rdacontent</subfield>
      </datafield>
      <datafield tag="337" ind1=" " ind2=" ">
         <subfield code="a">unmediated</subfield>
         <subfield code="b">n</subfield>
         <subfield code="2">rdamedia</subfield>
      </datafield>
      <datafield tag="338" ind1=" " ind2=" ">
         <subfield code="a">volume</subfield>
         <subfield code="b">nc</subfield>
         <subfield code="2">rdacarrier</subfield>
      </datafield>
      <datafield tag="490" ind1="1" ind2=" ">
         <subfield code="a">Journal for the study of the Old Testament. Supplement series ;</subfield>
         <subfield code="v">273</subfield>
      </datafield>
      <datafield tag="546" ind1=" " ind2=" ">
         <subfield code="a">English and German.</subfield>
      </datafield>
      <datafield tag="504" ind1=" " ind2=" ">
         <subfield code="a">"Bibliography of the works of Cyrus H. Gordon / compiled by Constance W. Gordon"-Page 533-554.</subfield>
      </datafield>
      <datafield tag="504" ind1=" " ind2=" ">
         <subfield code="a">Includes bibliographical references and indexes.</subfield>
      </datafield>
      <datafield tag="505" ind1="0" ind2="0">
         <subfield code="t">'Like a perpetual fountain' /</subfield>
         <subfield code="r">Deborah Gordon Friedrich --</subfield>
         <subfield code="t">Archaeology.</subfield>
         <subfield code="t">Fumes, flames or fluids? : reframing the cup-and-bowl question /</subfield>
         <subfield code="r">Carol Meyers.</subfield>
         <subfield code="t">Some remarks on shipbuilding heritage and ancient peoples /</subfield>
         <subfield code="r">Avner Raban --</subfield>
         <subfield code="t">Bible studies.</subfield>
         <subfield code="t">[Lamed-yod] collectives of the qetûl formation /</subfield>
         <subfield code="r">Constance W. Gordon.</subfield>
         <subfield code="t">The literary treatment of nature in Psalms /</subfield>
         <subfield code="r">Daniel Grossberg.</subfield>
         <subfield code="t">Human and divine wisdom in the book of Job /</subfield>
         <subfield code="r">Mayer I. Gruber.</subfield>
         <subfield code="t">Is the book of Nehemiah a translation from Aramaic? /</subfield>
         <subfield code="r">David Marcus.</subfield>
         <subfield code="t">Build-up and climax in Jeremiah's visions and laments /</subfield>
         <subfield code="r">Esther H. Roshwalb.</subfield>
         <subfield code="t">The northern Israelite Queen Mother in the Judaean court : Athalia and Abi /</subfield>
         <subfield code="r">Ktziah Spanier.</subfield>
         <subfield code="t">Fragments of a Deuteronomy scroll from Masada : Deuteronomy 33.17-34.6 (1043/A-D) /</subfield>
         <subfield code="r">Shemaryahu Talmon --</subfield>
         <subfield code="t">Northwest and Ugaritic studies.</subfield>
         <subfield code="t">A ritual for the country's salvation, KTU 1.162 : a reappraisal /</subfield>
         <subfield code="r">G. del Olmo Lete.</subfield>
      </datafield>
      <datafield tag="505" ind1="0" ind2="0">
         <subfield code="t">'Like a perpetual fountain' /</subfield>
         <subfield code="r">Deborah Gordon Friedrich --</subfield>
         <subfield code="t">Archaeology.</subfield>
         <subfield code="t">Fumes, flames or fluids? : reframing the cup-and-bowl question /</subfield>
         <subfield code="r">Carol Meyers.</subfield>
         <subfield code="t">Some remarks on shipbuilding heritage and ancient peoples /</subfield>
         <subfield code="r">Avner Raban --</subfield>
         <subfield code="t">Bible studies.</subfield>
         <subfield code="t">ל״י collectives of the qetûl formation /</subfield>
         <subfield code="r">Constance W. Gordon.</subfield>
         <subfield code="t">The literary treatment of nature in Psalms /</subfield>
         <subfield code="r">Daniel Grossberg.</subfield>
         <subfield code="t">Human and divine wisdom in the book of Job /</subfield>
         <subfield code="r">Mayer I. Gruber.</subfield>
         <subfield code="t">Is the book of Nehemiah a translation from Aramaic? /</subfield>
         <subfield code="r">David Marcus.</subfield>
         <subfield code="t">Build-up and climax in Jeremiah's visions and laments /</subfield>
         <subfield code="r">Esther H. Roshwalb.</subfield>
         <subfield code="t">The northern Israelite Queen Mother in the Judaean court : Athalia and Abi /</subfield>
         <subfield code="r">Ktziah Spanier.</subfield>
         <subfield code="t">Fragments of a Deuteronomy scroll from Masada : Deuteronomy 33.17-34.6 (1043/A-D) /</subfield>
         <subfield code="r">Shemaryahu Talmon --</subfield>
         <subfield code="t">Northwest and Ugaritic studies.</subfield>
         <subfield code="t">A ritual for the country's salvation, KTU 1.162 : a reappraisal /</subfield>
         <subfield code="r">G. del Olmo Lete.</subfield>
      </datafield>
      <datafield tag="505" ind1="0" ind2="0">
         <subfield code="9"/>
         <subfield code="t">'Siehe, da war er (wieder) munter!' : die mythologische Begründung für eine medikamentöse Behandlung in KTU 1.114 (RS 24.258) /</subfield>
         <subfield code="r">Manfried Dietrich and Oswald Loretz.</subfield>
         <subfield code="t">Adam, Edom and holocaust /</subfield>
         <subfield code="r">Marvin A. Pope.</subfield>
         <subfield code="t">The Phoenician-Punic menology /</subfield>
         <subfield code="r">Robert R. Stieglitz --</subfield>
         <subfield code="t">Aramaic and Arabic studies.</subfield>
         <subfield code="t">New documents from the Dead Sea : Babylonian science in Aramaic /</subfield>
         <subfield code="r">Mark J. Geller.</subfield>
         <subfield code="t">The revised draft of the letter of Jedaniah to Bagavahya (TAD A4.8=Cowley 31) /</subfield>
         <subfield code="r">Bezalel Porten.</subfield>
         <subfield code="t">Notices on peʼah, fayʼ, and feudum /</subfield>
         <subfield code="r">Alauddin Samarrai --</subfield>
         <subfield code="t">Egypto-Semitics.</subfield>
         <subfield code="t">Making peace in heaven and on earth : religious and legal aspects of the treaty between Ramesses II and Hattus̆ili III /</subfield>
         <subfield code="r">Ogden Goelet, Jr. and Baruch A. Levine.</subfield>
         <subfield code="t">The Egyptian background to Isaiah 19.18 /</subfield>
         <subfield code="r">Sarah Israelit-Groll.</subfield>
         <subfield code="t">Once again the 'plumb line' vision of Amos 7.7-9 : an interpretive clue from Egypt? /</subfield>
         <subfield code="r">James K. Hoffmeier.</subfield>
      </datafield>
      <datafield tag="505" ind1="0" ind2="0">
         <subfield code="9"/>
         <subfield code="t">Ancient Israel as the land of exile and the 'otherworld' in ancient Egyptian folktales and narratives /</subfield>
         <subfield code="r">Susan Tower Hollis.</subfield>
         <subfield code="t">An Egyptian analogue to the priestly blessing /</subfield>
         <subfield code="r">Sharon R. Keller.</subfield>
         <subfield code="t">Biblical instructional wisdom : the decisive voice of the ancient Near East /</subfield>
         <subfield code="r">Kenneth A. Kitchen.</subfield>
         <subfield code="t">Isaiah 18 : the Egyptian nexus /</subfield>
         <subfield code="r">Meir Lubetski and Claire Gottlieb --</subfield>
         <subfield code="t">The cuneiform world.</subfield>
         <subfield code="t">Two heads for the King of Ebla /</subfield>
         <subfield code="r">Alfonso Archi.</subfield>
         <subfield code="t">Two letter-prayers to Amurru /</subfield>
         <subfield code="r">William W. Hallo.</subfield>
         <subfield code="t">Mari and its relations with the eastern Mediterranean /</subfield>
         <subfield code="r">Avraham Malamat --</subfield>
         <subfield code="t">Samaritan studies.</subfield>
         <subfield code="t">Qumran, Samaritan halakha and theology and pre-Tannaaitic Judaism /</subfield>
         <subfield code="r">Alan D. Crown.</subfield>
         <subfield code="t">Zion or Gerizim? : the association of Abraham and the Aqeda with Zion/Gerizim in Jewish and Samaritan sources /</subfield>
         <subfield code="r">Isaac Kalimi --</subfield>
         <subfield code="t">Indo-European.</subfield>
         <subfield code="t">The home of the Indo-Europeans /</subfield>
         <subfield code="r">Giuliano Bonfante.</subfield>
         <subfield code="t">Consonantal apophony in Indo-European animal names /</subfield>
         <subfield code="r">Roger Williams Wescott --</subfield>
      </datafield>
      <datafield tag="505" ind1="0" ind2="0">
         <subfield code="9"/>
         <subfield code="t">The Graeco-Roman world.</subfield>
         <subfield code="t">Livy and the monuments /</subfield>
         <subfield code="r">Larissa Bonfante.</subfield>
         <subfield code="t">Matauitatau in Petronius, Satyricon 62.9 : crux interpretum /</subfield>
         <subfield code="r">Howard Marblestone --</subfield>
         <subfield code="t">Mediaeval studies.</subfield>
         <subfield code="t">The influence of Hebrew on Portuguese /</subfield>
         <subfield code="r">Alan D. Corré.</subfield>
         <subfield code="t">Traditional commentators anticipating a modern literary approach /</subfield>
         <subfield code="r">Walter Herzberg.</subfield>
      </datafield>
      <datafield tag="500" ind1=" " ind2=" ">
         <subfield code="a">ISAW copy is from the Library of David I. Owen.</subfield>
         <subfield code="5">NyNyUAW</subfield>
      </datafield>
      <datafield tag="651" ind1=" " ind2="0">
         <subfield code="a">Middle East</subfield>
         <subfield code="x">Civilization</subfield>
         <subfield code="y">To 622.</subfield>
      </datafield>
      <datafield tag="630" ind1="0" ind2="0">
         <subfield code="a">Bible.</subfield>
         <subfield code="p">Old Testament</subfield>
         <subfield code="x">Criticism, interpretation, etc.</subfield>
      </datafield>
      <datafield tag="651" ind1=" " ind2="0">
         <subfield code="a">Middle East</subfield>
         <subfield code="x">Languages.</subfield>
      </datafield>
      <datafield tag="651" ind1=" " ind2="0">
         <subfield code="a">Middle East</subfield>
         <subfield code="x">Literatures</subfield>
         <subfield code="x">History and criticism.</subfield>
      </datafield>
      <datafield tag="630" ind1="0" ind2="4">
         <subfield code="a">Bible.</subfield>
         <subfield code="p">Old Testament</subfield>
         <subfield code="x">Criticism, interpretation, etc.</subfield>
      </datafield>
      <datafield tag="600" ind1="1" ind2="6">
         <subfield code="a">Gordon, Cyrus Herzl,</subfield>
         <subfield code="d">1908-2001.</subfield>
      </datafield>
      <datafield tag="630" ind1="0" ind2="6">
         <subfield code="a">Bible.</subfield>
         <subfield code="p">A.T.</subfield>
         <subfield code="x">Critique, interprétation, etc.</subfield>
      </datafield>
      <datafield tag="630" ind1="0" ind2="7">
         <subfield code="a">Bible.</subfield>
         <subfield code="p">Old Testament.</subfield>
         <subfield code="2">fast</subfield>
         <subfield code="0">(OCoLC)fst01808092</subfield>
      </datafield>
      <datafield tag="650" ind1=" " ind2="7">
         <subfield code="a">Civilization.</subfield>
         <subfield code="2">fast</subfield>
         <subfield code="0">(OCoLC)fst00862898</subfield>
      </datafield>
      <datafield tag="650" ind1=" " ind2="7">
         <subfield code="a">Language and languages.</subfield>
         <subfield code="2">fast</subfield>
         <subfield code="0">(OCoLC)fst00992154</subfield>
      </datafield>
      <datafield tag="650" ind1=" " ind2="7">
         <subfield code="a">Literature.</subfield>
         <subfield code="2">fast</subfield>
         <subfield code="0">(OCoLC)fst00999953</subfield>
      </datafield>
      <datafield tag="651" ind1=" " ind2="7">
         <subfield code="a">Middle East.</subfield>
         <subfield code="2">fast</subfield>
         <subfield code="0">(OCoLC)fst01241586</subfield>
      </datafield>
      <datafield tag="650" ind1="1" ind2="7">
         <subfield code="a">Oudheid.</subfield>
         <subfield code="2">gtt</subfield>
      </datafield>
      <datafield tag="650" ind1="1" ind2="7">
         <subfield code="a">Godsdiensten.</subfield>
         <subfield code="2">gtt</subfield>
      </datafield>
      <datafield tag="650" ind1=" " ind2="7">
         <subfield code="a">Langues sémitiques.</subfield>
         <subfield code="2">ram</subfield>
      </datafield>
      <datafield tag="651" ind1=" " ind2="7">
         <subfield code="a">Proche-Orient</subfield>
         <subfield code="x">Civilisation</subfield>
         <subfield code="y">Jusqu'à 622.</subfield>
         <subfield code="2">ram</subfield>
      </datafield>
      <datafield tag="648" ind1=" " ind2="7">
         <subfield code="a">To 622.</subfield>
         <subfield code="2">fast</subfield>
      </datafield>
      <datafield tag="655" ind1=" " ind2="7">
         <subfield code="a">Criticism, interpretation, etc.</subfield>
         <subfield code="2">fast</subfield>
         <subfield code="0">(OCoLC)fst01411635</subfield>
      </datafield>
      <datafield tag="655" ind1=" " ind2="4">
         <subfield code="a">Aufsatzsammlung.</subfield>
      </datafield>
      <datafield tag="796" ind1="1" ind2=" ">
         <subfield code="a">Owen, David I.,</subfield>
         <subfield code="e">former owner.</subfield>
         <subfield code="5">NyNyUAW</subfield>
      </datafield>
      <datafield tag="797" ind1="2" ind2=" ">
         <subfield code="a">Owen Collection.</subfield>
         <subfield code="5">NyNyUAW</subfield>
      </datafield>
      <datafield tag="700" ind1="1" ind2=" ">
         <subfield code="a">Gordon, Cyrus Herzl,</subfield>
         <subfield code="d">1908-2001.</subfield>
      </datafield>
      <datafield tag="700" ind1="1" ind2=" ">
         <subfield code="a">Lubetski, Meir.</subfield>
      </datafield>
      <datafield tag="700" ind1="1" ind2=" ">
         <subfield code="a">Gottlieb, Claire.</subfield>
      </datafield>
      <datafield tag="700" ind1="1" ind2=" ">
         <subfield code="a">Keller, Sharon R.</subfield>
      </datafield>
      <datafield tag="776" ind1="0" ind2="8">
         <subfield code="i">Online version:</subfield>
         <subfield code="t">Boundaries of the ancient Near Eastern world.</subfield>
         <subfield code="d">Sheffield, England : Sheffield Academic Press, ©1998</subfield>
         <subfield code="w">(OCoLC)645894011</subfield>
      </datafield>
      <datafield tag="796" ind1="1" ind2=" ">
         <subfield code="a">Owen, David I.,</subfield>
         <subfield code="e">former owner.</subfield>
         <subfield code="5">NyNyUAW</subfield>
      </datafield>
      <datafield tag="797" ind1="2" ind2=" ">
         <subfield code="a">Owen Collection.</subfield>
         <subfield code="5">NyNyUAW</subfield>
      </datafield>
      <datafield tag="830" ind1=" " ind2="0">
         <subfield code="a">Journal for the study of the Old Testament.</subfield>
         <subfield code="p">Supplement series ;</subfield>
         <subfield code="v">273.</subfield>
      </datafield>
      <datafield tag="856" ind1=" " ind2=" ">
         <subfield code="u">http://bvbr.bib-bvb.de:8991/F?func=service&amp;doc_library=BVB01&amp;local_base=BVB01&amp;doc_number=008230348&amp;line_number=0001&amp;func_code=DB_RECORDS&amp;service_type=MEDIA</subfield>
         <subfield code="z">Inhaltsverzeichnis</subfield>
      </datafield>
      <datafield tag="880" ind1="0" ind2="0">
         <subfield code="9"/>
         <subfield code="t">'Siehe, da war er (wieder) munter!' : die mythologische Begründung für eine medikamentöse Behandlung in KTU 1.114 (RS 24.258) /</subfield>
         <subfield code="r">Manfried Dietrich and Oswald Loretz.</subfield>
         <subfield code="t">Adam, Edom and holocaust /</subfield>
         <subfield code="r">Marvin A. Pope.</subfield>
         <subfield code="t">The Phoenician-Punic menology /</subfield>
         <subfield code="r">Robert R. Stieglitz --</subfield>
         <subfield code="t">Aramaic and Arabic studies.</subfield>
         <subfield code="t">New documents from the Dead Sea : Babylonian science in Aramaic /</subfield>
         <subfield code="r">Mark J. Geller.</subfield>
         <subfield code="t">The revised draft of the letter of Jedaniah to Bagavahya (TAD A4.8=Cowley 31) /</subfield>
         <subfield code="r">Bezalel Porten.</subfield>
         <subfield code="t">Notices on peʼah, fayʼ, and feudum /</subfield>
         <subfield code="r">Alauddin Samarrai --</subfield>
         <subfield code="t">Egypto-Semitics.</subfield>
         <subfield code="t">Making peace in heaven and on earth : religious and legal aspects of the treaty between Ramesses II and Hattus̆ili III /</subfield>
         <subfield code="r">Ogden Goelet, Jr. and Baruch A. Levine.</subfield>
         <subfield code="t">The Egyptian background to Isaiah 19.18 /</subfield>
         <subfield code="r">Sarah Israelit-Groll.</subfield>
         <subfield code="t">Once again the 'plumb line' vision of Amos 7.7-9 : an interpretive clue from Egypt? /</subfield>
         <subfield code="r">James K. Hoffmeier.</subfield>
      </datafield>
      <datafield tag="880" ind1="0" ind2="0">
         <subfield code="9"/>
         <subfield code="t">Ancient Israel as the land of exile and the 'otherworld' in ancient Egyptian folktales and narratives /</subfield>
         <subfield code="r">Susan Tower Hollis.</subfield>
         <subfield code="t">An Egyptian analogue to the priestly blessing /</subfield>
         <subfield code="r">Sharon R. Keller.</subfield>
         <subfield code="t">Biblical instructional wisdom : the decisive voice of the ancient Near East /</subfield>
         <subfield code="r">Kenneth A. Kitchen.</subfield>
         <subfield code="t">Isaiah 18 : the Egyptian nexus /</subfield>
         <subfield code="r">Meir Lubetski and Claire Gottlieb --</subfield>
         <subfield code="t">The cuneiform world.</subfield>
         <subfield code="t">Two heads for the King of Ebla /</subfield>
         <subfield code="r">Alfonso Archi.</subfield>
         <subfield code="t">Two letter-prayers to Amurru /</subfield>
         <subfield code="r">William W. Hallo.</subfield>
         <subfield code="t">Mari and its relations with the eastern Mediterranean /</subfield>
         <subfield code="r">Avraham Malamat --</subfield>
         <subfield code="t">Samaritan studies.</subfield>
         <subfield code="t">Qumran, Samaritan halakha and theology and pre-Tannaaitic Judaism /</subfield>
         <subfield code="r">Alan D. Crown.</subfield>
         <subfield code="t">Zion or Gerizim? : the association of Abraham and the Aqeda with Zion/Gerizim in Jewish and Samaritan sources /</subfield>
         <subfield code="r">Isaac Kalimi --</subfield>
         <subfield code="t">Indo-European.</subfield>
         <subfield code="t">The home of the Indo-Europeans /</subfield>
         <subfield code="r">Giuliano Bonfante.</subfield>
         <subfield code="t">Consonantal apophony in Indo-European animal names /</subfield>
         <subfield code="r">Roger Williams Wescott --</subfield>
      </datafield>
      <datafield tag="880" ind1="0" ind2="0">
         <subfield code="9"/>
         <subfield code="t">The Graeco-Roman world.</subfield>
         <subfield code="t">Livy and the monuments /</subfield>
         <subfield code="r">Larissa Bonfante.</subfield>
         <subfield code="t">Matauitatau in Petronius, Satyricon 62.9 : crux interpretum /</subfield>
         <subfield code="r">Howard Marblestone --</subfield>
         <subfield code="t">Mediaeval studies.</subfield>
         <subfield code="t">The influence of Hebrew on Portuguese /</subfield>
         <subfield code="r">Alan D. Corré.</subfield>
         <subfield code="t">Traditional commentators anticipating a modern literary approach /</subfield>
         <subfield code="r">Walter Herzberg.</subfield>
      </datafield>
      <datafield tag="OWN" ind1=" " ind2=" ">
         <subfield code="a">GENERAL</subfield>
      </datafield>
      <datafield tag="998" ind1=" " ind2=" ">
         <subfield code="s">9115</subfield>
      </datafield>
      <datafield tag="950" ind1=" " ind2=" ">
         <subfield code="a">BS\635\.2</subfield>
         <subfield code="b">.B68\1998</subfield>
      </datafield>
      <datafield tag="AVA" ind1=" " ind2=" ">
         <subfield code="a">NYU50</subfield>
         <subfield code="b">BOBST</subfield>
         <subfield code="c">Main Collection</subfield>
         <subfield code="d">BS635.2 .B68 1998</subfield>
         <subfield code="e">unavailable</subfield>
         <subfield code="t">Unavailable</subfield>
         <subfield code="f">1</subfield>
         <subfield code="g">1</subfield>
         <subfield code="h">N</subfield>
         <subfield code="i">4</subfield>
         <subfield code="j">MAIN</subfield>
         <subfield code="k">0</subfield>
      </datafield>
      <datafield tag="AVA" ind1=" " ind2=" ">
         <subfield code="a">NYU50</subfield>
         <subfield code="b">NIFA</subfield>
         <subfield code="c">Main Collection</subfield>
         <subfield code="d">BS635.2 .B68 1998 Non-circulating</subfield>
         <subfield code="e">available</subfield>
         <subfield code="t">Available</subfield>
         <subfield code="f">1</subfield>
         <subfield code="g">0</subfield>
         <subfield code="h">N</subfield>
         <subfield code="i">0</subfield>
         <subfield code="j">MAIN</subfield>
         <subfield code="k">0</subfield>
      </datafield>
      <datafield tag="AVA" ind1=" " ind2=" ">
         <subfield code="a">NYU50</subfield>
         <subfield code="b">NISAW</subfield>
         <subfield code="c">Small Collection</subfield>
         <subfield code="d">BS635.2 .B68 1998 Non-circulating</subfield>
         <subfield code="e">available</subfield>
         <subfield code="t">Available</subfield>
         <subfield code="f">1</subfield>
         <subfield code="g">0</subfield>
         <subfield code="h">N</subfield>
         <subfield code="i">0</subfield>
         <subfield code="j">SMALL</subfield>
         <subfield code="k">0</subfield>
      </datafield>
      <marc:datafield tag="852" ind1=" " ind2=" ">
         <marc:subfield code="b">Institute for the Study of the Ancient World, </marc:subfield>
         <marc:subfield code="c">Small Collection</marc:subfield>
         <marc:subfield code="e">15 East 84th St., </marc:subfield>
         <marc:subfield code="e">New York, NY  10028</marc:subfield>
      </marc:datafield>
   </record>