
  
  
  
  
  
  
  
  
  
 
  
  <record xsi:schemaLocation="http://www.loc.gov/MARC21/slim http://www.loc.gov/standards/marcxml/schema/MARC21slim.xsd">
      <leader>00000ntm a2200481Ii 4500</leader>
      <controlfield tag="FMT">BK</controlfield>
      <controlfield tag="LDR">00000ntm a2200481Ii 4500</controlfield>
      <controlfield tag="001">004541672</controlfield>
      <controlfield tag="003">OCoLC</controlfield>
      <controlfield tag="005">20161221133535.0</controlfield>
      <controlfield tag="008">161221m20042005enkabe   b    100 0 eng d</controlfield>
      <datafield tag="035" ind1=" " ind2=" ">
         <subfield code="a">(OCoLC)966642926</subfield>
      </datafield>
      <datafield tag="040" ind1=" " ind2=" ">
         <subfield code="a">ZYU</subfield>
         <subfield code="b">eng</subfield>
         <subfield code="e">rda</subfield>
         <subfield code="c">ZYU</subfield>
      </datafield>
      <datafield tag="041" ind1=" " ind2=" ">
         <subfield code="a">eng</subfield>
         <subfield code="a">ger</subfield>
         <subfield code="a">fre</subfield>
         <subfield code="a">akk</subfield>
      </datafield>
      <datafield tag="043" ind1=" " ind2=" ">
         <subfield code="a">a-iq---</subfield>
      </datafield>
      <datafield tag="050" ind1=" " ind2="4">
         <subfield code="a">DS56</subfield>
         <subfield code="b">.R46 2003</subfield>
      </datafield>
      <datafield tag="079" ind1=" " ind2=" ">
         <subfield code="a">(OCoLC)966642926</subfield>
      </datafield>
      <datafield tag="111" ind1="2" ind2=" ">
         <subfield code="a">Rencontre assyriologique internationale</subfield>
         <subfield code="n">(49th :</subfield>
         <subfield code="d">2003 :</subfield>
         <subfield code="c">London, England)</subfield>
      </datafield>
      <datafield tag="245" ind1="1" ind2="0">
         <subfield code="a">Nineveh :</subfield>
         <subfield code="b">papers of the XLIXe Rencontre Assyriologique Internationale, London, 7-11 July 2003 /</subfield>
         <subfield code="c">[editors, Dominique Collon and A.R. George].</subfield>
      </datafield>
      <datafield tag="246" ind1="3" ind2="0">
         <subfield code="a">Papers of the XLIXe Rencontre Assyriologique Internationale</subfield>
      </datafield>
      <datafield tag="246" ind1="3" ind2=" ">
         <subfield code="a">Papers of the 49ème Rencontre Assyriologique Internationale</subfield>
      </datafield>
      <datafield tag="246" ind1="3" ind2=" ">
         <subfield code="a">Papers of the Quarante-neuvième Rencontre Assyriologique Internationale</subfield>
      </datafield>
      <datafield tag="246" ind1="3" ind2="0">
         <subfield code="a">XLIXe Rencontre Assyriologique Internationale</subfield>
      </datafield>
      <datafield tag="246" ind1="3" ind2=" ">
         <subfield code="a">49ème Rencontre Assyriologique Internationale</subfield>
      </datafield>
      <datafield tag="246" ind1="3" ind2=" ">
         <subfield code="a">Quarante-neuvième Rencontre Assyriologique Internationale</subfield>
      </datafield>
      <datafield tag="246" ind1="3" ind2="0">
         <subfield code="a">Rencontre Assyriologique Internationale</subfield>
      </datafield>
      <datafield tag="264" ind1=" " ind2="1">
         <subfield code="a">London :</subfield>
         <subfield code="b">Published by the British School of Archaeology in Iraq (Gertrude Bell Memorial),</subfield>
         <subfield code="c">2004-2005.</subfield>
      </datafield>
      <datafield tag="300" ind1=" " ind2=" ">
         <subfield code="a">2 volumes (xx, 427 pages) :</subfield>
         <subfield code="b">black-and-white illustrations, maps, plans ;</subfield>
         <subfield code="c">28 cm.</subfield>
      </datafield>
      <datafield tag="336" ind1=" " ind2=" ">
         <subfield code="a">text</subfield>
         <subfield code="b">txt</subfield>
         <subfield code="2">rdacontent</subfield>
      </datafield>
      <datafield tag="337" ind1=" " ind2=" ">
         <subfield code="a">unmediated</subfield>
         <subfield code="b">n</subfield>
         <subfield code="2">rdamedia</subfield>
      </datafield>
      <datafield tag="338" ind1=" " ind2=" ">
         <subfield code="a">volume</subfield>
         <subfield code="b">nc</subfield>
         <subfield code="2">rdacarrier</subfield>
      </datafield>
      <datafield tag="490" ind1="1" ind2=" ">
         <subfield code="a">Iraq,</subfield>
         <subfield code="x">0021-0889 ;</subfield>
         <subfield code="v">volume LXVI-LXVII part 1.</subfield>
      </datafield>
      <datafield tag="504" ind1=" " ind2=" ">
         <subfield code="a">Includes bibliographical references.</subfield>
      </datafield>
      <datafield tag="546" ind1=" " ind2=" ">
         <subfield code="a">Chiefly in English, with two contributions in French and two in German; contains texts in romanized Akkadian.</subfield>
      </datafield>
      <datafield tag="505" ind1="0" ind2="0">
         <subfield code="g">Part 1.</subfield>
         <subfield code="t">A tale of two cities : Nineveh and Babylon /</subfield>
         <subfield code="r">Marc Van De Mieroop --</subfield>
         <subfield code="t">The old Akkadian presence in Nineveh /</subfield>
         <subfield code="r">Joan Goodnick Westenholz --</subfield>
         <subfield code="t">The conquest of the holy city of Nineveh and the kingdom of Nurrugûm by Samsî-Addu /</subfield>
         <subfield code="r">Nele Ziegler --</subfield>
         <subfield code="t">Ninive et Aššur à l'époque médio-assyrienne /</subfield>
         <subfield code="r">Aline Tenu --</subfield>
         <subfield code="t">Ištar of Nineveh /</subfield>
         <subfield code="r">W.G. Lambert --</subfield>
         <subfield code="t">Ishtar of Nineveh and her collaborator, Ishtar of Arbela, in the reign of Assurbanipal /</subfield>
         <subfield code="r">Barbara Nevling Porter --</subfield>
         <subfield code="t">Royal hermeneutics : observations on the commentaries from Ashurbanipal's libraries at Nineveh /</subfield>
         <subfield code="r">Ecart Frahm --</subfield>
         <subfield code="t">The nth degree of writing at Nineveh /</subfield>
         <subfield code="r">Herman L.J. Vanstiphout --</subfield>
         <subfield code="t">The British Museum's Ashurbanipal Library Project /</subfield>
         <subfield code="r">Jeanette C. Fincke --</subfield>
         <subfield code="t">The "sin of Sargon" and Esarheddon's reconception of Sennacherib : a study in divine will, politics and royal ideology /</subfield>
         <subfield code="r">Ann M. Weaver --</subfield>
         <subfield code="t">The "underworld vision" of the Ninevite intellectual milieu /</subfield>
         <subfield code="r">Mehmet-Ali Ataç --</subfield>
      </datafield>
      <datafield tag="505" ind1="0" ind2="0">
         <subfield code="9"/>
         <subfield code="t">Le petit monde des exorcistes de Ninive /</subfield>
         <subfield code="r">Cynthia Jean --</subfield>
         <subfield code="t">Expelling demons at Nineveh : the visibility of benevolent demons in the palaces of Nineveh /</subfield>
         <subfield code="r">Tallay Ornan --</subfield>
         <subfield code="t">Ashurbanipal's headhunt : an anthropological perspective /</subfield>
         <subfield code="r">Dominik Bonatz --</subfield>
         <subfield code="t">The "continuous style" in the narrative schemes of Ashurbanipal's reliefs /</subfield>
         <subfield code="r">Chikako Esther Watanabe --</subfield>
         <subfield code="t">The King's head /</subfield>
         <subfield code="r">Zainab Bahrani --</subfield>
         <subfield code="t">The "head of the enemy" in the sculptures from the palaces of Nineveh : an example of "cultural migration"? /</subfield>
         <subfield code="r">Rita Dolce --</subfield>
         <subfield code="t">Winged human-headed bulls of Nineveh : genesis of an iconographic motif /</subfield>
         <subfield code="r">Virginie Danrey --</subfield>
         <subfield code="t">Nineveh to Thebes and back : art and politics between Assyria and Egypt in the seventh century BCE /</subfield>
         <subfield code="r">Marian Feldman --</subfield>
         <subfield code="t">From Sennacherib's bronzes to Taharqa's feet : conceptions of the material world at Nineveh /</subfield>
         <subfield code="r">Allison Karmel Thomason --</subfield>
         <subfield code="t">The shape of Sennacherib's camps : strategic functions and ideological space /</subfield>
         <subfield code="r">M.G. Micale and D. Nadali --</subfield>
      </datafield>
      <datafield tag="505" ind1="0" ind2="0">
         <subfield code="9"/>
         <subfield code="t">From Ashur to Nineveh : the Assyrian town-planning programme /</subfield>
         <subfield code="r">Mirko Novák --</subfield>
         <subfield code="t">The production of space at Nineveh /</subfield>
         <subfield code="r">Stephen Lumsden --</subfield>
         <subfield code="t">Nineveh : from ideology to topography /</subfield>
         <subfield code="r">Marta Rivaroli --</subfield>
         <subfield code="t">The hanging gardens of Nineveh /</subfield>
         <subfield code="r">Karen Polinger Foster --</subfield>
         <subfield code="t">Neo-Assyrian patterned fabrics /</subfield>
         <subfield code="r">Eleanor Guralnick --</subfield>
         <subfield code="t">The founding of Nineveh and Babylon in Greek historiography /</subfield>
         <subfield code="r">Menko Vlaardingerbroek --</subfield>
         <subfield code="t">Nineveh sails for the New World : Assyria envisioned by nineteenth-century America /</subfield>
         <subfield code="r">Steven W. Holloway --</subfield>
         <subfield code="t">"Those Assyrian legends" : zur Rezeption des Alten Orients im wiederentdeckten Kurzfilm La regina di Ninive (Italien 1911) /</subfield>
         <subfield code="r">Regina Heilmann.</subfield>
         <subfield code="g">Part 2.</subfield>
         <subfield code="t">The royal libraries of Nineveh : new evidence for King Ashurbanipal's tablet collecting /</subfield>
         <subfield code="r">Grant Frame and Andrew George --</subfield>
         <subfield code="t">Christians at Nineveh in late antiquity / St. John Simpson --</subfield>
         <subfield code="t">Excavations at Nineveh : the Halzi Gate /</subfield>
         <subfield code="r">Diana Pickworth --</subfield>
      </datafield>
      <datafield tag="505" ind1="0" ind2="0">
         <subfield code="9"/>
         <subfield code="t">Sennacherib's northern Assyrian canals : new insights from satellite imagery and aerial photography /</subfield>
         <subfield code="r">Jason Ur --</subfield>
         <subfield code="t">The Ishtar Temple at Nineveh /</subfield>
         <subfield code="r">Julian Reade --</subfield>
         <subfield code="t">The backs of some sealings from Nineveh /</subfield>
         <subfield code="r">Petr Charvát --</subfield>
         <subfield code="t">Frühe Pfeiler-Nischen-Architektur aus Tepe Gawra und Telul eth-Thalathat /</subfield>
         <subfield code="r">Uwe Sievertsen --</subfield>
         <subfield code="t">Assyrian ideology and Israelite monotheism /</subfield>
         <subfield code="r">Baruch A. Levine.</subfield>
      </datafield>
      <datafield tag="651" ind1=" " ind2="0">
         <subfield code="a">Nineveh (Extinct city)</subfield>
         <subfield code="v">Congresses.</subfield>
      </datafield>
      <datafield tag="651" ind1=" " ind2="0">
         <subfield code="a">Iraq</subfield>
         <subfield code="x">Antiquities</subfield>
         <subfield code="v">Congresses.</subfield>
      </datafield>
      <datafield tag="650" ind1=" " ind2="0">
         <subfield code="a">Civilization, Assyro-Babylonian</subfield>
         <subfield code="x">Research</subfield>
         <subfield code="v">Congresses.</subfield>
      </datafield>
      <datafield tag="650" ind1=" " ind2="0">
         <subfield code="a">Sculpture, Assyro-Babylonian</subfield>
         <subfield code="v">Congresses.</subfield>
      </datafield>
      <datafield tag="650" ind1=" " ind2="0">
         <subfield code="a">Excavations (Archaeology)</subfield>
         <subfield code="z">Iraq</subfield>
         <subfield code="z">Nineveh (Extinct city)</subfield>
         <subfield code="v">Congresses.</subfield>
      </datafield>
      <datafield tag="651" ind1=" " ind2="7">
         <subfield code="a">Nineveh/Ninos.</subfield>
         <subfield code="2">pleiades</subfield>
         <subfield code="0">https://pleiades.stoa.org/places/874621</subfield>
         <subfield code="5">NyNyUAW</subfield>
      </datafield>
      <datafield tag="700" ind1="1" ind2=" ">
         <subfield code="a">Collon, Dominique,</subfield>
         <subfield code="e">editor.</subfield>
      </datafield>
      <datafield tag="700" ind1="1" ind2=" ">
         <subfield code="a">George, A. R.,</subfield>
         <subfield code="e">editor.</subfield>
      </datafield>
      <datafield tag="710" ind1="2" ind2=" ">
         <subfield code="a">British School of Archaeology in Iraq.</subfield>
      </datafield>
      <datafield tag="830" ind1=" " ind2="0">
         <subfield code="a">Iraq ;</subfield>
         <subfield code="v">v.46-47:pt.1.</subfield>
      </datafield>
      <datafield tag="994" ind1=" " ind2=" ">
         <subfield code="a">Z0</subfield>
         <subfield code="b">ZYU</subfield>
      </datafield>
      <datafield tag="OWN" ind1=" " ind2=" ">
         <subfield code="a">GENERAL</subfield>
      </datafield>
      <datafield tag="AVA" ind1=" " ind2=" ">
         <subfield code="a">NYU50</subfield>
         <subfield code="b">NISAW</subfield>
         <subfield code="c">Small Collection</subfield>
         <subfield code="d">DS56 .R46 2003 Non-circulating</subfield>
         <subfield code="e">available</subfield>
         <subfield code="t">Available</subfield>
         <subfield code="f">2</subfield>
         <subfield code="g">0</subfield>
         <subfield code="h">Y</subfield>
         <subfield code="i">0</subfield>
         <subfield code="j">SMALL</subfield>
         <subfield code="k">0</subfield>
      </datafield>
      <marc:datafield tag="852" ind1=" " ind2=" ">
         <marc:subfield code="b">Institute for the Study of the Ancient World, </marc:subfield>
         <marc:subfield code="c">Small Collection</marc:subfield>
         <marc:subfield code="e">15 East 84th St., </marc:subfield>
         <marc:subfield code="e">New York, NY  10028</marc:subfield>
      </marc:datafield>
   </record>